=LDR  01135ntm a22003011i 4500
=001  uab09272612
=003  UAB
=005  20140924165834.0
=006  m|||||o||d||||||||
=007  cr||||||||||||
=008  140924t19781978xx\\\\\\obm\\\000\0deng\d
=040  \\$aUAB$beng$erda$cUAB
=050  \4$aPR2247.H653$bY68 1978
=090  \\$aInternet Access$bAEU
=100  1\$aYoung, James M.,$eauthor.
=245  10$aJohn Donne's Holy sonnets :$bproblems of ordering and interpretation /$cby James M. Young.
=264  \1$c[1978]
=264  \4$c©1978
=300  \\$a1 online resource (iv, 80 pages)
=336  \\$atext$btxt$2rdacontent
=337  \\$acomputer$bc$2rdamedia
=338  \\$aonline resource$bcr$2rdacarrier
=500  \\$a"A thesis submitted to the Faculty of Graduate Studies and Research in partial fulfilment of the requirements for the degree of Master of Arts, Department of English."
=502  \\$bM.A.$cUniversity of Alberta$d1978.
=504  \\$aIncludes bibliographical references (pages 74-79).
=600  10$aDonne, John,$d1572-1631.$tHoly sonnets.
=710  2\$aUniversity of Alberta.$bDepartment of English.
=900  \\$aMK40358
=949  \\$zUAIN$zETHESIS

