=LDR  01239ntm a22003251i 4500
=001  uab09272618
=003  UAB
=005  20140924171419.0
=006  m|||||o||d||||||||
=007  cr||||||||||||
=008  140924t19791979xx\adf\\obm\\\000\0\eng\d
=040  \\$aUAB$beng$erda$cUAB
=050  \4$aQL737.R68$bA23 1979
=090  \\$aInternet Access$bAEU
=100  1\$aAbbotts, Bruce,$eauthor.
=245  10$aAspects of thermogenesis in a seasonal hibernator, Spermophilus richardsonii /$cby Bruce Abbotts.
=264  \1$c[1979]
=264  \4$c©1979
=300  \\$a1 online resource (ix, 56 pages) :$billustrations
=336  \\$atext$btxt$2rdacontent
=337  \\$acomputer$bc$2rdamedia
=338  \\$aonline resource$bcr$2rdacarrier
=500  \\$a"A thesis submitted to the Faculty of Graduate Studies and Research in partial fulfilment of the requirements for the degree of Master of Science, Department of Zoology."
=502  \\$bM. Sc.$cUniversity of Alberta$d1979.
=504  \\$aIncludes bibliographical references (pages 48-56).
=650  \0$aRichardson's ground squirrel.
=650  \0$aRichardson's ground squirrel$xHibernation.
=650  \0$aAnimal heat.
=710  2\$aUniversity of Alberta.$bDepartment of Zoology.
=900  \\$aMK40361
=949  \\$zUAIN$zETHESIS

