=LDR  01199ntm a22003251i 4500
=001  uab09272642
=003  UAB
=005  20140924175118.0
=006  m|||||o||d||||||||
=007  cr||||||||||||
=008  140924t19791979xx\af\\\obm\\\000\0\eng\d
=040  \\$aUAB$beng$erda$cUAB
=050  \4$aGV711$b.B39 1979
=090  \\$aInternet Access$bAEU
=100  1\$aBaxter, Betty,$eauthor.
=245  10$aVerbal communication in coaching :$ban analysis of rhetoric /$cby Betty Baxter.
=264  \1$c[1979]
=264  \4$c©1979
=300  \\$a1 online resource (x, 110 pages) :$billustrations
=336  \\$atext$btxt$2rdacontent
=337  \\$acomputer$bc$2rdamedia
=338  \\$aonline resource$bcr$2rdacarrier
=500  \\$a"A thesis submitted to the Faculty of Graduate Studies and Research in partial fulfilment of the requirements for the degree of Master of Arts, Department of Physical Education."
=502  \\$bM.A.$cUniversity of Alberta$d1979.
=504  \\$aIncludes bibliographical references (pages 73-76).
=650  \0$aCoaching (Athletics)
=650  \0$aOral communication.
=650  \0$aRhetoric.
=710  2\$aUniversity of Alberta.$bDepartment of Physical Education.
=900  \\$aMK40370
=949  \\$zUAIN$zETHESIS

