=LDR  01218ntm a22003131i 4500
=001  uab09272728
=003  UAB
=005  20140925084515.0
=006  m|||||o||d||||||||
=007  cr||||||||||||
=008  140925t19791979xx\adf\\obm\\\000\0\eng\d
=040  \\$aUAB$beng$erda$cUAB
=050  \4$aTA445$b.C45 1979
=090  \\$aInternet Access$bAEU
=100  1\$aChiang, Chiu Tung,$eauthor.
=245  10$aBehavior of ferrocement under combined tension and compression /$cby Chiu Tung Chiang.
=264  \1$c[1979]
=264  \4$c©1979
=300  \\$a1 online resource (xi, 81 pages) :$billustrations
=336  \\$atext$btxt$2rdacontent
=337  \\$acomputer$bc$2rdamedia
=338  \\$aonline resource$bcr$2rdacarrier
=500  \\$a"A thesis submitted to the Faculty of Graduate Studies and Research in partial fulfilment of the requirements for the degree of Master of Science, Department of Civil Engineering."
=502  \\$bM. Sc.$cUniversity of Alberta$d1979.
=504  \\$aIncludes bibliographical references (pages 77-81).
=650  \0$aReinforced concrete$xTesting.
=650  \0$aReinforced concrete$xCompression testing.
=710  2\$aUniversity of Alberta.$bDepartment of Civil Engineering.
=900  \\$aMK40384
=949  \\$zUAIN$zETHESIS

