=LDR  01190ntm a22003011i 4500
=001  uab09272798
=003  UAB
=005  20140925123136.0
=006  m|||||o||d||||||||
=007  cr||||||||||||
=008  140925t19791979xx\adf\\obm\\\000\0\eng\d
=040  \\$aUAB$beng$erda$cUAB
=050  \4$aQK629.P7$bC87 1979
=090  \\$aInternet Access$bAEU
=100  1\$aCurrah, Randolph Sidney,$d1954-$eauthor.
=245  14$aThe taxonomy of Fomes roseus (Alb. & Schw. ex Fries) Cooke and Fomes cajanderi Karst. /$cby Randolph Sidney Currah.
=264  \1$c[1979]
=264  \4$c©1979
=300  \\$a1 online resource (xiii, 114 pages) :$billustrations
=336  \\$atext$btxt$2rdacontent
=337  \\$acomputer$bc$2rdamedia
=338  \\$aonline resource$bcr$2rdacarrier
=500  \\$a"A thesis submitted to the Faculty of Graduate Studies and Research in partial fulfilment of the requirements for the degree of Master of Science in Mycology, Department of Botany."
=502  \\$bM. Sc.$cUniversity of Alberta$d1979.
=504  \\$aIncludes bibliographical references (pages 91-98).
=650  \0$aFomes$xClassification.
=710  2\$aUniversity of Alberta.$bDepartment of Botany.
=900  \\$aMK40392
=949  \\$zUAIN$zETHESIS

