=LDR  01115ntm a22003011i 4500
=001  uab09272806
=003  UAB
=005  20140925124848.0
=006  m|||||o||d||||||||
=007  cr||||||||||||
=008  140925t19791979xx\a\\\\obm\\\000\0\eng\d
=040  \\$aUAB$beng$erda$cUAB
=050  \4$aQA611.23$b.D57 1979
=090  \\$aInternet Access$bAEU
=100  1\$aDissanayake, U. N. B.,$eauthor.
=245  10$am-n compact spaces /$cby U.N.B. Dissanayake.
=264  \1$c[1979]
=264  \4$c©1979
=300  \\$a1 online resource (xii, 93 pages) :$billustrations
=336  \\$atext$btxt$2rdacontent
=337  \\$acomputer$bc$2rdamedia
=338  \\$aonline resource$bcr$2rdacarrier
=500  \\$a"A thesis submitted to the Faculty of Graduate Studies and Research in partial fulfilment of the requirements for the degree of Master of Science in Mathematics, Department of Mathematics."
=502  \\$bM. Sc.$cUniversity of Alberta$d1979.
=504  \\$aIncludes bibliographical references (pages 86-87).
=650  \0$aCompact spaces.
=710  2\$aUniversity of Alberta.$bDepartment of Mathematics.
=900  \\$aMK40397
=949  \\$zUAIN$zETHESIS

