=LDR  01257ntm a22003251i 4500
=001  uab09272808
=003  UAB
=005  20140925125804.0
=006  m|||||o||d||||||||
=007  cr||||||||||||
=008  140925t19791979xx\adf\\obm\\\000\0\eng\d
=040  \\$aUAB$beng$erda$cUAB
=050  \4$aQL638.C94$bE24 1979
=090  \\$aInternet Access$bAEU
=100  1\$aEagles, Michael D.,$eauthor.
=245  14$aThe effect of sublethal copper concentrations on sodium and chloride fluxes across the gills in goldfish /$cby Michael D. Eagles.
=264  \1$c[1979]
=264  \4$c©1979
=300  \\$a1 online resource (ix, 69 pages) :$billustrations
=336  \\$atext$btxt$2rdacontent
=337  \\$acomputer$bc$2rdamedia
=338  \\$aonline resource$bcr$2rdacarrier
=500  \\$a"A thesis submitted to the Faculty of Graduate Studies and Research in partial fulfilment of the requirements for the degree of Master of Science, Department of Zoology."
=502  \\$bM. Sc.$cUniversity of Alberta$d1979.
=504  \\$aIncludes bibliographical references (pages 56-59).
=650  \0$aGoldfish$xEffect of metals on.
=650  \0$aCopper$xPhysiological effect.
=650  \0$aGills.
=710  2\$aUniversity of Alberta.$bDepartment of Zoology.
=900  \\$aMK40399
=949  \\$zUAIN$zETHESIS

