=LDR  01198ntm a22003131i 4500
=001  uab09272813
=003  UAB
=005  20140925130759.0
=006  m|||||o||d||||||||
=007  cr||||||||||||
=008  140925t19791979xx\adf\\obm\\\000\0\eng\d
=040  \\$aUAB$beng$erda$cUAB
=050  \4$aQL959$b.F57 1979
=090  \\$aInternet Access$bAEU
=100  1\$aFisher, Paul Douglas,$eauthor.
=245  10$aMicrowave bioeffects in the developing chick embryo /$cby Paul Douglas Fisher.
=264  \1$c[1979]
=264  \4$c©1979
=300  \\$a1 online resource (ix, 82 pages) :$billustrations
=336  \\$atext$btxt$2rdacontent
=337  \\$acomputer$bc$2rdamedia
=338  \\$aonline resource$bcr$2rdacarrier
=500  \\$a"A thesis submitted to the Faculty of Graduate Studies and Research in partial fulfilment of the requirements for the degree of Master of Science, Department of Zoology."
=502  \\$bM. Sc.$cUniversity of Alberta$d1979.
=504  \\$aIncludes bibliographical references (pages 75-82).
=650  \0$aChickens$xEmbryos$xEffect of radiation on.
=650  \0$aMicrowaves$xPhysiological effect.
=710  2\$aUniversity of Alberta.$bDepartment of Zoology.
=900  \\$aMK40404
=949  \\$zUAIN$zETHESIS

