=LDR  01324ntm a22003371i 4500
=001  uab09272819
=003  UAB
=005  20140925131559.0
=006  m|||||o||d||||||||
=007  cr||||||||||||
=008  140925t19791979xx\adf\\obm\\\000\0\eng\d
=040  \\$aUAB$beng$erda$cUAB
=050  \4$aQP625.N34$bG74 1979
=090  \\$aInternet Access$bAEU
=100  1\$aGreen, M. Kirk,$eauthor.
=245  12$aA magnetic resonance study of the stability and conformation of the complex formed between the manganese (II) ion and nicotinamide adenine dinucleotide phosphate in solution /$cby M. Kirk Green.
=264  \1$c[1979]
=264  \4$c©1979
=300  \\$a1 online resource (55 pages) :$billustrations
=336  \\$atext$btxt$2rdacontent
=337  \\$acomputer$bc$2rdamedia
=338  \\$aonline resource$bcr$2rdacarrier
=500  \\$a"A thesis submitted to the Faculty of Graduate Studies and Research in partial fulfilment of the requirements for the degree of Master of Science, Department of Chemistry."
=502  \\$bM. Sc.$cUniversity of Alberta$d1979.
=504  \\$aIncludes bibliographical references (pages 53-55).
=650  \0$aNAD (Coenzyme)
=650  \0$aPhosphates.
=650  \0$aManganese.
=650  \0$aMagnetic resonance.
=710  2\$aUniversity of Alberta.$bDepartment of Chemistry.
=900  \\$aMK40413
=949  \\$zUAIN$zETHESIS

