=LDR  01283ntm a22003371i 4500
=001  uab09272822
=003  UAB
=005  20140925132332.0
=006  m|||||o||d||||||||
=007  cr||||||||||||
=008  140925t19791979xx\adf\\obm\\\000\0\eng\d
=040  \\$aUAB$beng$erda$cUAB
=043  \\$an-cn-ab
=050  \4$aS592.6.P5$bG89 1979
=090  \\$aInternet Access$bAEU
=100  1\$aGwyer, Brian Donald,$eauthor.
=245  10$aUptake of phosphorus from lower depths of selected Alberta soils /$cby Brian Donald Gwyer.
=264  \1$c[1979]
=264  \4$c©1979
=300  \\$a1 online resource (xii, 116 pages) :$billustrations
=336  \\$atext$btxt$2rdacontent
=337  \\$acomputer$bc$2rdamedia
=338  \\$aonline resource$bcr$2rdacarrier
=500  \\$a"A thesis submitted to the Faculty of Graduate Studies and Research in partial fulfilment of the requirements for the degree of Master of Science, Department of Soil Science."
=502  \\$bM. Sc.$cUniversity of Alberta$d1979.
=504  \\$aIncludes bibliographical references (pages 93-105).
=650  \0$aSoils$xPhosphorus content$zAlberta.
=650  \0$aBarley$zAlberta.
=650  \0$aPlants$xEffect of phosphorus on$zAlberta.
=710  2\$aUniversity of Alberta.$bDepartment of Soil Science.
=900  \\$aMK40415
=949  \\$zUAIN$zETHESIS

