=LDR  01180ntm a22003251i 4500
=001  uab09272825
=003  UAB
=005  20140925133426.0
=006  m|||||o||d||||||||
=007  cr||||||||||||
=008  140925t19791979xx\bf\\\obm\\\000\0\eng\d
=040  \\$aUAB$beng$erda$cUAB
=043  \\$ae-fr---
=050  \4$aDC801.B78$bH36 1979
=090  \\$aInternet Access$bAEU
=100  1\$aHamson, Laura Christine,$eauthor.
=245  10$aBourges, 1100-1474 /$cby Laura Christine Hamson.
=264  \1$c[1979]
=264  \4$c©1979
=300  \\$a1 online resource (ix, 328 pages) :$bmaps
=336  \\$atext$btxt$2rdacontent
=337  \\$acomputer$bc$2rdamedia
=338  \\$aonline resource$bcr$2rdacarrier
=500  \\$a"A thesis submitted to the Faculty of Graduate Studies and Research in partial fulfilment of the requirements for the degree of Master of Arts, Department of History."
=502  \\$bM.A.$cUniversity of Alberta$d1979.
=504  \\$aIncludes bibliographical references (pages 282-299).
=651  \0$aBourges (France)$xHistory.
=651  \0$aBourges (France)$xPolitics and government.
=710  2\$aUniversity of Alberta.$bDepartment of History.
=900  \\$aMK40416
=949  \\$zUAIN$zETHESIS

