=LDR  01380ntm a22003371i 4500
=001  uab09272830
=003  UAB
=005  20140925134737.0
=006  m|||||o||d||||||||
=007  cr||||||||||||
=008  140925t19791979xx\\\\\\obm\\\000\0deng\d
=040  \\$aUAB$beng$erda$cUAB
=050  \4$aPQ1997.G7$bH37 1979
=090  \\$aInternet Access$bAEU
=100  1\$aHargreaves, Susan,$eauthor.
=245  14$aThe picaresque in the enlightenment :$bmorality in Gil Blas and Moll Flanders /$cby Susan Hargreaves.
=264  \1$c[1979]
=264  \4$c©1979
=300  \\$a1 online resource (67 pages)
=336  \\$atext$btxt$2rdacontent
=337  \\$acomputer$bc$2rdamedia
=338  \\$aonline resource$bcr$2rdacarrier
=500  \\$a"A thesis submitted to the Faculty of Graduate Studies and Research in partial fulfilment of the requirements for the degree of Master of Arts, Department of Comparative Literature."
=502  \\$bM.A.$cUniversity of Alberta$d1979.
=504  \\$aIncludes bibliographical references (pages 65-67).
=600  10$aLe Sage, Alain René,$d1668-1747.$tHistoire de Gil Blas de Santillane.
=600  10$aDefoe, Daniel,$d1661?-1731.$tFortunes and misfortunes of the famous Moll Flanders.
=650  \0$aEthics in literature.
=650  \0$aPicaresque literature.
=710  2\$aUniversity of Alberta.$bDepartment of Comparative Literature.
=900  \\$aMK40418
=949  \\$zUAIN$zETHESIS

