=LDR  01339ntm a22003371i 4500
=001  uab09272835
=003  UAB
=005  20140925135653.0
=006  m|||||o||d||||||||
=007  cr||||||||||||
=008  140925t19791979xx\\\\\\obm\\\000\0deng\d
=040  \\$aUAB$beng$erda$cUAB
=050  \4$aPS3545.I765$bZ652 1979
=090  \\$aInternet Access$bAEU
=100  1\$aHarvey, Gordon Charles,$eauthor.
=245  10$aYvor Winters and modern poetry :$btowards an understanding of "post-symbolist imagery" /$cby Gordon Charles Harvey.
=264  \1$c[1979]
=264  \4$c©1979
=300  \\$a1 online resource (126 pages)
=336  \\$atext$btxt$2rdacontent
=337  \\$acomputer$bc$2rdamedia
=338  \\$aonline resource$bcr$2rdacarrier
=500  \\$a"A thesis submitted to the Faculty of Graduate Studies and Research in partial fulfilment of the requirements for the degree of Master of Arts, Department of Comparative Literature."
=502  \\$bM.A.$cUniversity of Alberta$d1979.
=504  \\$aIncludes bibliographical references (pages 123-126).
=600  10$aWinters, Yvor,$d1900-1968$xCriticism and interpretation.
=650  \0$aImagery (Psychology) in literature.
=650  \0$aSymbolism in literature.
=650  \0$aPoetry, Modern.
=710  2\$aUniversity of Alberta.$bDepartment of Comparative Literature.
=900  \\$aMK40420
=949  \\$zUAIN$zETHESIS

