=LDR  01177ntm a22003011i 4500
=001  uab09272850
=003  UAB
=005  20140925141611.0
=006  m|||||o||d||||||||
=007  cr||||||||||||
=008  140925t19791979xx\adf\\obm\\\000\0\eng\d
=040  \\$aUAB$beng$erda$cUAB
=050  \4$aQD96.N8$bH6 1979
=090  \\$aInternet Access$bAEU
=100  1\$aHo, William Pui Yuen,$eauthor.
=245  10$aDetermination of the ratio T₁/T₂ in multiline NMR spectra /$cby William Pui Yuen Ho.
=264  \1$c[1979]
=264  \4$c©1979
=300  \\$a1 online resource (x, 73 pages) :$billustrations
=336  \\$atext$btxt$2rdacontent
=337  \\$acomputer$bc$2rdamedia
=338  \\$aonline resource$bcr$2rdacarrier
=500  \\$a"A thesis submitted to the Faculty of Graduate Studies and Research in partial fulfilment of the requirements for the degree of Master of Science, Department of Chemistry."
=502  \\$bM. Sc.$cUniversity of Alberta$d1979.
=504  \\$aIncludes bibliographical references (pages 70-73).
=650  \0$aFourier transform nuclear magnetic resonance spectroscopy.
=710  2\$aUniversity of Alberta.$bDepartment of Chemistry.
=900  \\$aMK40426
=949  \\$zUAIN$zETHESIS

