=LDR  01225ntm a22003131i 4500
=001  uab09272853
=003  UAB
=005  20140925142204.0
=006  m|||||o||d||||||||
=007  cr||||||||||||
=008  140925t19791979xx\\\\\\obm\\\000\0\eng\d
=040  \\$aUAB$beng$erda$cUAB
=050  \4$aTT508$b.H67 1979
=090  \\$aInternet Access$bAEU
=100  1\$aHorvath, L. Susan,$eauthor.
=245  10$aUse of a test battery for predicting competency in clothing construction /$cby L. Susan Horvath.
=264  \1$c[1979]
=264  \4$c©1979
=300  \\$a1 online resource (x, 70 pages)
=336  \\$atext$btxt$2rdacontent
=337  \\$acomputer$bc$2rdamedia
=338  \\$aonline resource$bcr$2rdacarrier
=500  \\$a"A thesis submitted to the Faculty of Graduate Studies and Research in partial fulfilment of the requirements for the degree of Master of Science in Clothing and Textiles, Faculty of Home Economics."
=502  \\$bM. Sc.$cUniversity of Alberta$d1979.
=504  \\$aIncludes bibliographical references (pages 64-70).
=650  \0$aClothing and dress$xExaminations.
=650  \0$aClothing and dress$xStudy and teaching.
=710  2\$aUniversity of Alberta.$bFaculty of Home Economics.
=900  \\$aMK40428
=949  \\$zUAIN$zETHESIS

