=LDR  01168ntm a22003131i 4500
=001  uab09272899
=003  UAB
=005  20140925160912.0
=006  m|||||o||d||||||||
=007  cr||||||||||||
=008  140925t19791979xx\adf\\obm\\\000\0\eng\d
=040  \\$aUAB$beng$erda$cUAB
=050  \4$aQC793.3.F5$bH46 1979
=090  \\$aInternet Access$bAEU
=100  1\$aHenty, David L.,$eauthor.
=245  10$aTopological aspects of non-linear field theory /$cby David L. Henty.
=264  \1$c[1979]
=264  \4$c©1979
=300  \\$a1 online resource (x, 130 pages) :$billustrations
=336  \\$atext$btxt$2rdacontent
=337  \\$acomputer$bc$2rdamedia
=338  \\$aonline resource$bcr$2rdacarrier
=500  \\$a"A thesis submitted to the Faculty of Graduate Studies and Research in partial fulfilment of the requirements for the degree of Master of Science in Theoretical Physics, Department of Physics."
=502  \\$bM. Sc.$cUniversity of Alberta$d1979.
=504  \\$aIncludes bibliographical references (pages 125-130).
=650  \0$aField theory (Physics)
=650  \0$aTopology.
=710  2\$aUniversity of Alberta.$bDepartment of Physics.
=900  \\$aMK43434
=949  \\$zUAIN$zETHESIS

