=LDR  01218ntm a22003131i 4500
=001  uab09273102
=003  UAB
=005  20140926105047.0
=006  m|||||o||d||||||||
=007  cr||||||||||||
=008  140926t19791979xx\\\\\\obm\\\000\0\eng\d
=040  \\$aUAB$beng$erda$cUAB
=050  \4$aQA76.58$b.L36 1979
=090  \\$aInternet Access$bAEU
=100  1\$aLam, John Chun-Sing,$eauthor.
=245  10$aOn optimizing processor bounds of certain parallel graph theoretical algorithms /$cby John Chun-Sing Lam.
=264  \1$c[1979]
=264  \4$c©1979
=300  \\$a1 online resource (viii, 68 pages)
=336  \\$atext$btxt$2rdacontent
=337  \\$acomputer$bc$2rdamedia
=338  \\$aonline resource$bcr$2rdacarrier
=500  \\$a"A thesis submitted to the Faculty of Graduate Studies and Research in partial fulfilment of the requirements for the degree of Master of Science, Department of Computing Science."
=502  \\$bM. Sc.$cUniversity of Alberta$d1979.
=504  \\$aIncludes bibliographical references (pages 65-68).
=650  \0$aParallel processing (Electronic computers)
=650  \0$aParallel algorithms.
=710  2\$aUniversity of Alberta.$bDepartment of Computing Science.
=900  \\$aMK43460
=949  \\$zUAIN$zETHESIS

