=LDR  01192ntm a22003131i 4500
=001  uab09273105
=003  UAB
=005  20140926105426.0
=006  m|||||o||d||||||||
=007  cr||||||||||||
=008  140926t19791979xx\\\\\\obm\\\000\0\eng\d
=040  \\$aUAB$beng$erda$cUAB
=050  \4$aBF371$b.L43 1979
=090  \\$aInternet Access$bAEU
=100  1\$aLeccese, Arthur P.,$eauthor.
=245  10$aPerformance facilitation with posttrial strychnine sulfate injections :$bfacilitation of consolidation or retrieval? /$cby Arthur P. Leccese.
=264  \1$c[1979]
=264  \4$c©1979
=300  \\$a1 online resource (vii, 39 pages)
=336  \\$atext$btxt$2rdacontent
=337  \\$acomputer$bc$2rdamedia
=338  \\$aonline resource$bcr$2rdacarrier
=500  \\$a"A thesis submitted to the Faculty of Graduate Studies and Research in partial fulfilment of the requirements for the degree of Master of Science, Department of Psychology."
=502  \\$bM. Sc.$cUniversity of Alberta$d1979.
=504  \\$aIncludes bibliographical references (pages 31-33).
=650  \0$aMemory.
=650  \0$aStrychnine.
=710  2\$aUniversity of Alberta.$bDepartment of Psychology.
=900  \\$aMK43463
=949  \\$zUAIN$zETHESIS

