=LDR  01276ntm a22003251i 4500
=001  uab09273110
=003  UAB
=005  20140926110650.0
=006  m|||||o||d||||||||
=007  cr||||||||||||
=008  140926t19791979xx\adf\\obm\\\000\0\eng\d
=040  \\$aUAB$beng$erda$cUAB
=050  \4$aQP82.2.A3$bL44 1979
=090  \\$aInternet Access$bAEU
=100  1\$aLee, Tzu Kuang,$eauthor.
=245  10$aCanine tracheal mucous transport of naturally-occurring particulate pollutants /$cby Tzu Kuang Lee M.B., B.S.
=264  \1$c[1979]
=264  \4$c©1979
=300  \\$a1 online resource (xiv, 82 pages) :$billustrations
=336  \\$atext$btxt$2rdacontent
=337  \\$acomputer$bc$2rdamedia
=338  \\$aonline resource$bcr$2rdacarrier
=500  \\$a"A thesis submitted to the Faculty of Graduate Studies and Research in partial fulfillment of the requirements for the degree of Master of Science in Experimental Medicine, Department of Medicine."
=502  \\$bM. Sc.$cUniversity of Alberta$d1979.
=504  \\$aIncludes bibliographical references (pages 66-78).
=650  \0$aRespiratory mucosa.
=650  \0$aPollutants$xPhysiological effect.
=650  \0$aDogs as laboratory animals.
=710  2\$aUniversity of Alberta.$bDepartment of Medicine.
=900  \\$aMK43465
=949  \\$zUAIN$zETHESIS

