=LDR  01271ntm a22003251i 4500
=001  uab09273116
=003  UAB
=005  20140926112934.0
=006  m|||||o||d||||||||
=007  cr||||||||||||
=008  140926t19791979xx\af\\\obm\\\000\0\eng\d
=040  \\$aUAB$beng$erda$cUAB
=050  \4$aHV1669$b.L49 1979
=090  \\$aInternet Access$bAEU
=100  1\$aLewis, Robert W.,$eauthor.
=245  12$aA microprocessor controlled Braille transcription system /$cby Robert W. Lewis.
=264  \1$c[1979]
=264  \4$c©1979
=300  \\$a1 online resource (xiii, 195 pages) :$billustrations
=336  \\$atext$btxt$2rdacontent
=337  \\$acomputer$bc$2rdamedia
=338  \\$aonline resource$bcr$2rdacarrier
=500  \\$a"A thesis submitted to the Faculty of Graduate Studies and Research in partial fulfilment of the requirements for the degree of Master of Science in Department of Electrical Engineering."
=502  \\$bM. Sc.$cUniversity of Alberta$d1979.
=504  \\$aIncludes bibliographical references (pages 84-85).
=650  \0$aBraille.
=650  \0$aBlind$xPrinting and writing systems$xDesign and construction.
=650  \0$aMicroprocessors$xProgramming.
=710  2\$aUniversity of Alberta.$bDepartment of Electrical Engineering.
=900  \\$aMK43466
=949  \\$zUAIN$zETHESIS

