=LDR  01219ntm a22003251i 4500
=001  uab09273123
=003  UAB
=005  20140926114446.0
=006  m|||||o||d||||||||
=007  cr||||||||||||
=008  140926t19791979xx\\\\\\obm\\\000\0\eng\d
=040  \\$aUAB$beng$erda$cUAB
=050  \4$aSF498.4$b.M33 1979
=090  \\$aInternet Access$bAEU
=100  1\$aMacLellan, Deborah Lynn,$eauthor.
=245  14$aThe effect of high and low erucic acid rapeseed oil on the liver of the chick /$cby Deborah Lynn MacLellan.
=264  \1$c[1979]
=264  \4$c©1979
=300  \\$a1 online resource (x, 81 pages)
=336  \\$atext$btxt$2rdacontent
=337  \\$acomputer$bc$2rdamedia
=338  \\$aonline resource$bcr$2rdacarrier
=500  \\$a"A thesis submitted to the Faculty of Graduate Studies and Research in partial fulfillment of the requirements for the degree of Master of Science in Nutrition, Faculty of Home Economics."
=502  \\$bM. Sc.$cUniversity of Alberta$d1979.
=504  \\$aIncludes bibliographical references (pages 67-75).
=650  \0$aChicks$xFeeding and feeds.
=650  \0$aRape oil.
=650  \0$aLiver.
=710  2\$aUniversity of Alberta.$bFaculty of Home Economics.
=900  \\$aMK43475
=949  \\$zUAIN$zETHESIS

