=LDR  01280ntm a22003371i 4500
=001  uab09273129
=003  UAB
=005  20140926120211.0
=006  m|||||o||d||||||||
=007  cr||||||||||||
=008  140926t19791979xx\\\\\\obm\\\000\0deng\d
=040  \\$aUAB$beng$erda$cUAB
=050  \4$aPS3537.T323$bZ752 1979
=090  \\$aInternet Access$bAEU
=100  1\$aMallett, Sandra-Lynne Janzen,$eauthor.
=245  10$aGertrude Stein, Cézanne and Picasso :$bthe fourteenth of July /$cby Sandra-Lynne Janzen Mallett.
=264  \1$c[1979]
=264  \4$c©1979
=300  \\$a1 online resource (viii, 105 pages)
=336  \\$atext$btxt$2rdacontent
=337  \\$acomputer$bc$2rdamedia
=338  \\$aonline resource$bcr$2rdacarrier
=500  \\$a"A thesis submitted to the Faculty of Graduate Studies and Research in partial fulfilment of the requirements for the degree of Master of Arts, Department of English."
=502  \\$bM.A.$cUniversity of Alberta$d1979.
=504  \\$aIncludes bibliographical references (pages 97-105).
=600  10$aStein, Gertrude,$d1874-1946$xArt.
=600  10$aCézanne, Paul,$d1839-1906.
=600  10$aPicasso, Pablo,$d1881-1973.
=650  \0$aArt and literature.
=710  2\$aUniversity of Alberta.$bDepartment of English.
=900  \\$aMK43484
=949  \\$zUAIN$zETHESIS

