=LDR  01044ntm a22002891i 4500
=001  uab09273155
=003  UAB
=005  20140926134306.0
=006  m|||||o||d||||||||
=007  cr||||||||||||
=008  140926t19791979xx\\\\\\om\\\\000\1\eng\d
=040  \\$aUAB$beng$erda$cUAB
=050  \4$aPR9199.3.M656$bS73 1979
=090  \\$aInternet Access$bAEU
=100  1\$aMorton, Colin,$d1948-$eauthor.
=245  10$aStanding in the street /$cby Colin Morton.
=264  \1$c[1979]
=264  \4$c©1979
=300  \\$a1 online resource (vii, 174 pages)
=336  \\$atext$btxt$2rdacontent
=337  \\$acomputer$bc$2rdamedia
=338  \\$aonline resource$bcr$2rdacarrier
=500  \\$a"A thesis submitted to the Faculty of Graduate Studies and Research in partial fulfilment of the requirements for the degree of Master of Arts, Department of English."
=502  \\$bM.A.$cUniversity of Alberta$d1979.
=650  \0$aCollege students$xPolitical activity$zCanada$vFiction.
=710  2\$aUniversity of Alberta.$bDepartment of English.
=900  \\$aMK43496
=949  \\$zUAIN$zETHESIS

