=LDR  01293ntm a22003251i 4500
=001  uab09273166
=003  UAB
=005  20140926141955.0
=006  m|||||o||d||||||||
=007  cr||||||||||||
=008  140926t19791979xx\adf\\obm\\\000\0\eng\d
=040  \\$aUAB$beng$erda$cUAB
=050  \4$aQP625.A27$bM85 1979
=090  \\$aInternet Access$bAEU
=100  1\$aMuller, Milan J.,$eauthor.
=245  10$aPresynaptic inhibitory action of 2-substituted adenosine derivatives in rat vas deferens :$brole of adenosine uptake and deamination /$cby Milan J. Muller.
=264  \1$c[1979]
=264  \4$c©1979
=300  \\$a1 online resource (xiii, 101 pages) :$billustrations
=336  \\$atext$btxt$2rdacontent
=337  \\$acomputer$bc$2rdamedia
=338  \\$aonline resource$bcr$2rdacarrier
=500  \\$a"A thesis submitted to the Faculty of Graduate Studies and Research in partial fulfilment of the requirements for the degree of Master of Science, Department of Pharmacology."
=502  \\$bM. Sc.$cUniversity of Alberta$d1979.
=504  \\$aIncludes bibliographical references (pages 90-101).
=650  \0$aAdenosine$xAntagonists.
=650  \0$aVas deferens.
=650  \0$aRats as laboratory animals.
=710  2\$aUniversity of Alberta.$bDepartment of Pharmacology.
=900  \\$aMK43501
=949  \\$zUAIN$zETHESIS

