=LDR  01260ntm a22003131i 4500
=001  uab09273179
=003  UAB
=005  20140926143813.0
=006  m|||||o||d||||||||
=007  cr||||||||||||
=008  140926t19791979xx\abdf\obm\\\000\0\eng\d
=040  \\$aUAB$beng$erda$cUAB
=050  \4$aTD425$b.N37 1979
=090  \\$aInternet Access$bAEU
=100  1\$aNarasimhan, C. L.,$eauthor.
=245  10$aApplication of digital simulation and mathematical optimization technique in river pollution control /$cby C.L. Narasimhan.
=264  \1$c[1979]
=264  \4$c©1979
=300  \\$a1 online resource (xiii, 129 pages) :$billustrations, maps
=336  \\$atext$btxt$2rdacontent
=337  \\$acomputer$bc$2rdamedia
=338  \\$aonline resource$bcr$2rdacarrier
=500  \\$a"A thesis submitted to the Faculty of Graduate Studies and Research in partial fulfilment of the requirements for the degree of Master of Science, Department of Computing Science."
=502  \\$bM. Sc.$cUniversity of Alberta$d1979.
=504  \\$aIncludes bibliographical references (pages 94-98).
=650  \0$aWater$xPollution$xMathematics.
=650  \0$aWater$xPollution$xComputer programs.
=710  2\$aUniversity of Alberta.$bDepartment of Computing Science.
=900  \\$aMK43503
=949  \\$zUAIN$zETHESIS

