=LDR  01211ntm a22003131i 4500
=001  uab09273189
=003  UAB
=005  20140926150153.0
=006  m|||||o||d||||||||
=007  cr||||||||||||
=008  140926t19791979xx\df\\\obm\\\000\0\eng\d
=040  \\$aUAB$beng$erda$cUAB
=043  \\$an-cn-ab
=050  \4$aHJ9352.A3$bN67 1979
=090  \\$aInternet Access$bAEU
=100  1\$aNorton, Deryk G.,$eauthor.
=245  10$aProvincial grants to Alberta municipalities :$breview, assessment and alternative unconditional grant formulae /$cby Deryk G. Norton.
=264  \1$c[1979]
=264  \4$c©1979
=300  \\$a1 online resource (xiv, 219 pages) :$billustrations
=336  \\$atext$btxt$2rdacontent
=337  \\$acomputer$bc$2rdamedia
=338  \\$aonline resource$bcr$2rdacarrier
=500  \\$a"A thesis submitted to the Faculty of Graduate Studies and Research in partial fulfillment of the requirements for the degree of Master of Arts, Department of Economics."
=502  \\$bM.A.$cUniversity of Alberta$d1979.
=504  \\$aIncludes bibliographical references (pages 158-160).
=650  \0$aGrants-in-aid$zAlberta.
=710  2\$aUniversity of Alberta.$bDepartment of Economics.
=900  \\$aMK43508
=949  \\$zUAIN$zETHESIS

