=LDR  01174ntm a22003131i 4500
=001  uab09273203
=003  UAB
=005  20140926152933.0
=006  m|||||o||d||||||||
=007  cr||||||||||||
=008  140926t19791979xx\\\\\\obm\\\000\0\eng\d
=040  \\$aUAB$beng$erda$cUAB
=050  \4$aBF720.T68$bP37 1979
=090  \\$aInternet Access$bAEU
=100  1\$aParker, William G.,$eauthor.
=245  10$aHaptic processing by infants during simultaneous visual and manual inspection of objects /$cby William G. Parker.
=264  \1$c[1979]
=264  \4$c©1979
=300  \\$a1 online resource (x, 57 pages)
=336  \\$atext$btxt$2rdacontent
=337  \\$acomputer$bc$2rdamedia
=338  \\$aonline resource$bcr$2rdacarrier
=500  \\$a"A thesis submitted to the Faculty of Graduate Studies and Research in partial fulfilment of the requirements for the degree of Master of Arts, Psychology."
=502  \\$bM.A.$cUniversity of Alberta$d1979.
=504  \\$aIncludes bibliographical references (pages 46-48).
=650  \0$aTouch in infants.
=650  \0$aVisual perception in infants.
=710  2\$aUniversity of Alberta.$bDepartment of Psychology.
=900  \\$aMK43515
=949  \\$zUAIN$zETHESIS

