=LDR  01239ntm a22003131i 4500
=001  uab09273529
=003  UAB
=005  20140929101937.0
=006  m|||||o||d||||||||
=007  cr||||||||||||
=008  140929t19791979xx\adf\\obm\\\000\0\eng\d
=040  \\$aUAB$beng$erda$cUAB
=050  \4$aQL537.D76$bP37 1979
=090  \\$aInternet Access$bAEU
=100  1\$aPass, Paul S.,$eauthor.
=245  12$aA biochemical analysis of dopa decarboxylase from wild type and mutant strains of Drosophila melanogaster /$cby Paul S. Pass.
=264  \1$c[1979]
=264  \4$c©1979
=300  \\$a1 online resource (xiii, 68 pages) :$billustrations
=336  \\$atext$btxt$2rdacontent
=337  \\$acomputer$bc$2rdamedia
=338  \\$aonline resource$bcr$2rdacarrier
=500  \\$a"A thesis submitted to the Faculty of Graduate Studies and Research in partial fulfilment of the requirements for the degree of Master of Science, Department of Genetics."
=502  \\$bM. Sc.$cUniversity of Alberta$d1979.
=504  \\$aIncludes bibliographical references (pages 60-64).
=650  \0$aDrosophila melanogaster$xGenetics.
=650  \0$aAromatic amino acid decarboxylases.
=710  2\$aUniversity of Alberta.$bDepartment of Genetics.
=900  \\$aMK43516
=949  \\$zUAIN$zETHESIS

