=LDR  01210ntm a22003251i 4500
=001  uab09273543
=003  UAB
=005  20140929105355.0
=006  m|||||o||d||||||||
=007  cr||||||||||||
=008  140929t19811981xx\adf\\obm\\\000\0\eng\d
=040  \\$aUAB$beng$erda$cUAB
=050  \4$aQC320.22.F5$bB68 1981
=090  \\$aInternet Access$bAEU
=100  1\$aBourgois, Jean,$eauthor.
=245  10$aHeat transfer in a climbing film evaporator /$cby Jean Bourgois.
=264  \1$c[1981]
=264  \4$c©1981
=300  \\$a1 online resource (xiii, 112 pages) :$billustrations
=336  \\$atext$btxt$2rdacontent
=337  \\$acomputer$bc$2rdamedia
=338  \\$aonline resource$bcr$2rdacarrier
=500  \\$a"A thesis submitted to the Faculty of Graduate Studies and Research in partial fulfilment of the requirements for the degree of Master of Science in Food Process Engineering, Department of Food Science."
=502  \\$bM. Sc.$cUniversity of Alberta$d1981.
=504  \\$aIncludes bibliographical references (pages 77-81).
=650  \0$aHeat$xTransmission.
=650  \0$aFilm boiling.
=650  \0$aEvaporators.
=710  2\$aUniversity of Alberta.$bDepartment of Food Science.
=900  \\$aMK53870
=949  \\$zUAIN$zETHESIS

