=LDR  01370ntm a22003491i 4500
=001  uab09273556
=003  UAB
=005  20140929112433.0
=006  m|||||o||d||||||||
=007  cr||||||||||||
=008  140929t19811981xx\adf\\obm\\\000\0\eng\d
=040  \\$aUAB$beng$erda$cUAB
=050  \4$aQP114.R43$bC65 1981
=090  \\$aInternet Access$bAEU
=100  1\$aCollins, Margaret Jean,$eauthor.
=245  10$aPreparation of cardiac sarcolemma and investigation of adrenergic and histamine receptor properties using fluorescence spectroscopy /$cby Margaret Jean Collins.
=264  \1$c[1981]
=264  \4$c©1981
=300  \\$a1 online resource (xvii, 160 pages) :$billustrations
=336  \\$atext$btxt$2rdacontent
=337  \\$acomputer$bc$2rdamedia
=338  \\$aonline resource$bcr$2rdacarrier
=500  \\$a"A thesis submitted to the Faculty of Graduate Studies and Research in partial fulfillment of the requirements for the degree of Master of Science, Department of Pharmacology."
=502  \\$bM. Sc.$cUniversity of Alberta$d1981.
=504  \\$aIncludes bibliographical references (pages [142]-160).
=650  \0$aMyocardium.
=650  \0$aSarcolemma.
=650  \0$aAdrenaline$xReceptors.
=650  \0$aHistamine$xReceptors.
=650  \0$aFluorescence spectroscopy.
=710  2\$aUniversity of Alberta.$bDepartment of Pharmacology.
=900  \\$aMK53886
=949  \\$zUAIN$zETHESIS

