=LDR  01164ntm a22003131i 4500
=001  uab09273578
=003  UAB
=005  20140929120818.0
=006  m|||||o||d||||||||
=007  cr||||||||||||
=008  140929t19811981xx\\\\\\obm\\\000\0deng\d
=040  \\$aUAB$beng$erda$cUAB
=050  \4$aPR4757.A75$bG55 1981
=090  \\$aInternet Access$bAEU
=100  1\$aGilbert, Geraldine,$eauthor.
=245  10$aAspects of Thomas Hardy's pictorialism /$cby Geraldine Gilbert.
=264  \1$c[1981]
=264  \4$c©1981
=300  \\$a1 online resource (vii, 89 pages)
=336  \\$atext$btxt$2rdacontent
=337  \\$acomputer$bc$2rdamedia
=338  \\$aonline resource$bcr$2rdacarrier
=500  \\$a"A thesis submitted to the Faculty of Graduate Studies and Research in partial fulfilment of the requirements for the degree of Master of Arts, Department of English."
=502  \\$bM.A.$cUniversity of Alberta$d1981.
=504  \\$aIncludes bibliographical references (pages 80-89).
=600  10$aHardy, Thomas,$d1840-1928$xCriticism and interpretation.
=650  \0$aArt and literature.
=710  2\$aUniversity of Alberta.$bDepartment of English.
=900  \\$aMK53921
=949  \\$zUAIN$zETHESIS

