=LDR  01260ntm a22003251i 4500
=001  uab09273581
=003  UAB
=005  20140929121148.0
=006  m|||||o||d||||||||
=007  cr||||||||||||
=008  140929t19811981xx\\\\\\obm\\\000\0\eng\d
=040  \\$aUAB$beng$erda$cUAB
=043  \\$an-cn-ab
=050  \4$aRA983.A4$bA34 1981
=090  \\$aInternet Access$bAEU
=100  1\$aGoldman, David E.,$eauthor.
=245  14$aThe politics of hospital financing in Alberta :$b1971-1978 /$cby David E. Goldman.
=264  \1$c[1981]
=264  \4$c©1981
=300  \\$a1 online resource (viii, 107 pages)
=336  \\$atext$btxt$2rdacontent
=337  \\$acomputer$bc$2rdamedia
=338  \\$aonline resource$bcr$2rdacarrier
=500  \\$a"A thesis submitted to the Faculty of Graduate Studies and Research in partial fulfilment of the requirements for the degree of Master of Arts, Department of Political Science."
=502  \\$bM.A.$cUniversity of Alberta$d1981.
=504  \\$aIncludes bibliographical references (pages 105-107).
=650  \0$aGovernment aid to hospitals$zAlberta$xHistory$y20th century.
=650  \0$aMedical policy$zAlberta$xHistory$y20th century.
=710  2\$aUniversity of Alberta.$bDepartment of Political Science.
=900  \\$aMK53923
=949  \\$zUAIN$zETHESIS

