=LDR  01238ntm a22003131i 4500
=001  uab09273583
=003  UAB
=005  20140929121340.0
=006  m|||||o||d||||||||
=007  cr||||||||||||
=008  140929t19811981xx\af\\\obm\\\000\0\eng\d
=040  \\$aUAB$beng$erda$cUAB
=050  \4$aGV943.8$b.G67 1981
=090  \\$aInternet Access$bAEU
=100  1\$aGordon, Alexander M. D.,$eauthor.
=245  10$aMotivational style and coaching effectiveness in soccer /$cby Alexander M.D. Gordon.
=264  \1$c[1981]
=264  \4$c©1981
=300  \\$a1 online resource (x, 153 pages) :$billustration
=336  \\$atext$btxt$2rdacontent
=337  \\$acomputer$bc$2rdamedia
=338  \\$aonline resource$bcr$2rdacarrier
=500  \\$a"A thesis submitted to the Faculty of Graduate Studies and Research in partial fulfillment of the requirements for the degree of Master of Arts, Faculty of Physical Education and Recreation."
=502  \\$bM.A.$cUniversity of Alberta$d1981.
=504  \\$aIncludes bibliographical references (pages 112-117).
=650  \0$aSoccer$xCoaching.
=650  \0$aCoaching (Athletics)$xPsychological aspects.
=710  2\$aUniversity of Alberta.$bFaculty of Physical Education and Recreation.
=900  \\$aMK53924
=949  \\$zUAIN$zETHESIS

