=LDR  01177ntm a22003131i 4500
=001  uab09273810
=003  UAB
=005  20140930095346.0
=006  m|||||o||d||||||||
=007  cr||||||||||||
=008  140930t19811981xx\df\\\obm\\\000\0\eng\d
=040  \\$aUAB$beng$erda$cUAB
=050  \4$aBF724.85.M65$bG74 1981
=090  \\$aInternet Access$bAEU
=100  1\$aGreenhill, Sheila,$eauthor.
=245  10$aFactors influencing morale of older people /$cby Sheila Greenhill.
=264  \1$c[1981]
=264  \4$c©1981
=300  \\$a1 online resource (xii, 137 pages) :$billustrations
=336  \\$atext$btxt$2rdacontent
=337  \\$acomputer$bc$2rdamedia
=338  \\$aonline resource$bcr$2rdacarrier
=500  \\$a"A thesis submitted to the Faculty of Graduate Studies and Research in partial fulfillment of the requirements for the degree of Master of Science in Family Studies, Faculty of Home Economics."
=502  \\$bM. Sc.$cUniversity of Alberta$d1981.
=504  \\$aIncludes bibliographical references (pages 102-119).
=650  \0$aOlder people$xPsychology.
=650  \0$aMorale.
=710  2\$aUniversity of Alberta.$bFaculty of Home Economics.
=900  \\$aMK53926
=949  \\$zUAIN$zETHESIS

