=LDR  01278ntm a22003251i 4500
=001  uab09273867
=003  UAB
=005  20140930115224.0
=006  m|||||o||d||||||||
=007  cr||||||||||||
=008  140930t19811981xx\adf\\obm\\\000\0\eng\d
=040  \\$aUAB$beng$erda$cUAB
=050  \4$aQP310.J64$bK86 1981
=090  \\$aInternet Access$bAEU
=100  1\$aKuntz, Jon Robert,$eauthor.
=245  10$aBiomechanics cinematography procedures for vertical force measurements in jogging /$cby Jon Robert Kuntz.
=264  \1$c[1981]
=264  \4$c©1981
=300  \\$a1 online resource (xi, 89 pages) :$billustrations
=336  \\$atext$btxt$2rdacontent
=337  \\$acomputer$bc$2rdamedia
=338  \\$aonline resource$bcr$2rdacarrier
=500  \\$a"A thesis submitted to the Faculty of Graduate Studies and Research in partial fulfilment of the requirements for the degree of Master of Science, Department of Physical Education."
=502  \\$bM. Sc.$cUniversity of Alberta$d1981.
=504  \\$aIncludes bibliographical references (pages 59-65).
=650  \0$aJogging$xPhysiological aspects.
=650  \0$aSports cinematography.
=650  \0$aGround reaction force (Biomechanics)
=710  2\$aUniversity of Alberta.$bDepartment of Physical Education.
=900  \\$aMK53962
=949  \\$zUAIN$zETHESIS

