=LDR  01276ntm a22003371i 4500
=001  uab09273908
=003  UAB
=005  20140930131724.0
=006  m|||||o||d||||||||
=007  cr||||||||||||
=008  140930t19811981xx\adf\\obm\\\000\0\eng\d
=040  \\$aUAB$beng$erda$cUAB
=050  \4$aQC762.6.S64$bT69 1981
=090  \\$aInternet Access$bAEU
=100  1\$aTowta, Sripen,$eauthor.
=245  10$aOrientation dependence of the nuclear quadrupole spin-lattice relaxation time in crystals /$cby Sripen Towta.
=264  \1$c[1981]
=264  \4$c©1981
=300  \\$a1 online resource (xi, 102 pages) :$billustrations
=336  \\$atext$btxt$2rdacontent
=337  \\$acomputer$bc$2rdamedia
=338  \\$aonline resource$bcr$2rdacarrier
=500  \\$a"A thesis submitted to the Faculty of Graduate Studies and Research in partial fulfilment of the requirements for the degree of Master of Science, Department of Physics."
=502  \\$bM. Sc.$cUniversity of Alberta$d1981.
=504  \\$aIncludes bibliographical references (pages [90]-92).
=650  \0$aSpin-lattice relaxation.
=650  \0$aQuadrupole moments.
=650  \0$aCrystals.
=650  \0$aNuclear magnetic resonance, Pulsed.
=710  2\$aUniversity of Alberta.$bDepartment of Physics.
=900  \\$aMK54060
=949  \\$zUAIN$zETHESIS

