=LDR  01347ntm a22003371i 4500
=001  uab09273913
=003  UAB
=005  20140930132425.0
=006  m|||||o||d||||||||
=007  cr||||||||||||
=008  140930t19811981xx\bdf\\obm\\\000\0\eng\d
=040  \\$aUAB$beng$erda$cUAB
=043  \\$an-cn-ab
=050  \4$aTN490.U7$bV36 1981
=090  \\$aInternet Access$bAEU
=100  1\$aVan Dyke, Christopher Wayne,$eauthor.
=245  12$aA uranium resource evaluation of post-Proterozoic sedimentary formations in Alberta /$cby Christopher Wayne Van Dyke.
=264  \1$c[1981]
=264  \4$c©1981
=300  \\$a1 online resource (xiv pages, 1 unnumbered page, 220 pages) :$billustrations, maps
=336  \\$atext$btxt$2rdacontent
=337  \\$acomputer$bc$2rdamedia
=338  \\$aonline resource$bcr$2rdacarrier
=500  \\$a"A thesis submitted to the Faculty of Graduate Studies and Research in partial fulfilment of the requirements for the degree of Master of Science, Geology."
=502  \\$bM. Sc.$cUniversity of Alberta$d1981.
=504  \\$aIncludes bibliographical references (pages 118-124).
=590  \\$aLibrary copy imperfect: page 202 scanned twice.
=650  \0$aUranium ores$xGeology$zAlberta.
=650  \0$aGeology, Stratigraphic$xProterozoic.
=710  2\$aUniversity of Alberta.$bDepartment of Geology.
=900  \\$aMK54066
=949  \\$zUAIN$zETHESIS

