=LDR  01170ntm a22003011i 4500
=001  uab09273919
=003  UAB
=005  20140930133013.0
=006  m|||||o||d||||||||
=007  cr||||||||||||
=008  140930t19811981xx\\\\\\obm\\\000\0deng\d
=040  \\$aUAB$beng$erda$cUAB
=050  \4$aPR9199.3.R78$bZ923 1981
=090  \\$aInternet Access$bAEU
=100  1\$aVan Luven, Marlene A. D. Lynne,$d1947-$eauthor.
=245  10$aDaring to speak that love's name :$ba study of the novels of Jane Rule /$cby Marlene A.D. Lynne Van Luven.
=264  \1$c[1981]
=264  \4$c©1981
=300  \\$a1 online resource (viii, 116 pages)
=336  \\$atext$btxt$2rdacontent
=337  \\$acomputer$bc$2rdamedia
=338  \\$aonline resource$bcr$2rdacarrier
=500  \\$a"A thesis submitted to the Faculty of Graduate Studies and Research in partial fulfilment of the requirements for the degree of Master of Arts, Department of English."
=502  \\$bM.A.$cUniversity of Alberta$d1981.
=504  \\$aIncludes bibliographical references (pages 109-116).
=600  10$aRule, Jane$xCharacters$xGays.
=710  2\$aUniversity of Alberta.$bDepartment of English.
=900  \\$aMK54067
=949  \\$zUAIN$zETHESIS

