=LDR  01227ntm a22003131i 4500
=001  uab09273922
=003  UAB
=005  20140930133222.0
=006  m|||||o||d||||||||
=007  cr||||||||||||
=008  140930t19811981xx\a\\\\obm\\\000\0\eng\d
=040  \\$aUAB$beng$erda$cUAB
=050  \4$aQA76.76.T83$bW34 1981
=090  \\$aInternet Access$bAEU
=100  1\$aWaheed, Mohammed Abdul,$eauthor.
=245  10$aOn the design of directly executable representations /$cby Mohammed Abdul Waheed.
=264  \1$c[1981]
=264  \4$c©1981
=300  \\$a1 online resource (v, 65 pages) :$billustrations
=336  \\$atext$btxt$2rdacontent
=337  \\$acomputer$bc$2rdamedia
=338  \\$aonline resource$bcr$2rdacarrier
=500  \\$a"A thesis submitted to the Faculty of Graduate Studies and Research in partial fulfilment of the requirements for the degree of Master of Science, Department of Computing Science."
=502  \\$bM. Sc.$cUniversity of Alberta$d1981.
=504  \\$aIncludes bibliographical references (pages 60-65).
=650  \0$aTranslators (Computer programs)
=650  \0$aProgramming languages (Electronic computers)
=710  2\$aUniversity of Alberta.$bDepartment of Computing Science.
=900  \\$aMK54070
=949  \\$zUAIN$zETHESIS

