=LDR  01228ntm a22003131i 4500
=001  uab09273949
=003  UAB
=005  20140930140624.0
=006  m|||||o||d||||||||
=007  cr||||||||||||
=008  140930t19811981xx\\\\\\obm\\\000\0\eng\d
=040  \\$aUAB$beng$erda$cUAB
=050  \4$aSF201$b.W55 1981
=090  \\$aInternet Access$bAEU
=100  1\$aWillms, Linden,$eauthor.
=245  10$aSelection response in a multi-breed synthetic beef cattle population compared to that from a purebred herd /$cby Linden Willms.
=264  \1$c[1981]
=264  \4$c©1981
=300  \\$a1 online resource (xiv, 110 pages)
=336  \\$atext$btxt$2rdacontent
=337  \\$acomputer$bc$2rdamedia
=338  \\$aonline resource$bcr$2rdacarrier
=500  \\$a"A thesis submitted to the Faculty of Graduate Studies and Research in partial fulfilment of the requirements for the degree of Master of Science in Animal Breeding, Department of Animal Science."
=502  \\$bM. Sc.$cUniversity of Alberta$d1981.
=504  \\$aIncludes bibliographical references (pages 104-110).
=650  \0$aBeef cattle$xSelection.
=650  \0$aBeef cattle breeds.
=710  2\$aUniversity of Alberta.$bDepartment of Animal Science.
=900  \\$aMK54080
=949  \\$zUAIN$zETHESIS

