=LDR  01260ntm a22003251i 4500
=001  uab09273976
=003  UAB
=005  20140930143632.0
=006  m|||||o||d||||||||
=007  cr||||||||||||
=008  140930t19821982xx\df\\\obm\\\000\0\eng\d
=040  \\$aUAB$beng$erda$cUAB
=050  \4$aRA781.6$b.M36 1982
=090  \\$aInternet Access$bAEU
=100  1\$aMann, David Lorne,$eauthor.
=245  10$aFat utilization in submaximal exercise as determined by respiratory measures /$cby David Lorne Mann.
=264  \1$c[1982]
=264  \4$c©1982
=300  \\$a1 online resource (x, 104 pages) :$billustrations
=336  \\$atext$btxt$2rdacontent
=337  \\$acomputer$bc$2rdamedia
=338  \\$aonline resource$bcr$2rdacarrier
=500  \\$a"A thesis submitted to the Faculty of Graduate Studies and Research in partial fulfillment of the requirements for the degree of Master of Science, Department of Physical Education."
=502  \\$bM. Sc.$cUniversity of Alberta$d1982.
=504  \\$aIncludes bibliographical references (pages 54-61).
=650  \0$aReducing exercises.
=650  \0$aCardiovascular fitness$xPhysiological aspects.
=650  \0$aMetabolism.
=710  2\$aUniversity of Alberta.$bDepartment of Physical Education.
=900  \\$aMK56843
=949  \\$zUAIN$zETHESIS

