=LDR  01234ntm a22003131i 4500
=001  uab09274279
=003  UAB
=005  20141001101654.0
=006  m|||||o||d||||||||
=007  cr||||||||||||
=008  141001t19811981xx\adf\\obm\\\000\0\eng\d
=040  \\$aUAB$beng$erda$cUAB
=050  \4$aTA418.9.P6$bC43 1981
=090  \\$aInternet Access$bAEU
=100  1\$aChan, Sin-Chong,$eauthor.
=245  10$aFlow studies in porous media using laser doppler velocimetry /$cby Sin-Chong Chan.
=264  \1$c[1981]
=264  \4$c©1981
=300  \\$a1 online resource (xi, 96 pages) :$billustrations
=336  \\$atext$btxt$2rdacontent
=337  \\$acomputer$bc$2rdamedia
=338  \\$aonline resource$bcr$2rdacarrier
=500  \\$a"A thesis submitted to the Faculty of Graduate Studies and Research in partial fulfilment of the requirements for the degree of Master of Science in Petroleum Engineering, Department of Mineral Engineering."
=502  \\$bM. Sc.$cUniversity of Alberta$d1981.
=504  \\$aIncludes bibliographical references (pages 76-80).
=650  \0$aPorous materials$xFluid dynamics.
=650  \0$aLaser Doppler velocimeter.
=710  2\$aUniversity of Alberta.$bDepartment of Mineral Engineering.
=900  \\$aMK56926
=949  \\$zUAIN$zETHESIS

