=LDR  01147ntm a22003131i 4500
=001  uab09274286
=003  UAB
=005  20141001102413.0
=006  m|||||o||d||||||||
=007  cr||||||||||||
=008  141001t19811981xx\abdf\obm\\\000\0\eng\d
=040  \\$aUAB$beng$erda$cUAB
=050  \4$aTN816$b.M35 1981
=090  \\$aInternet Access$bAEU
=100  1\$aMcIntyre, A.,$eauthor.
=245  10$aLaboratory investigation of coal flotation /$cby A. McIntyre.
=264  \1$c[1981]
=264  \4$c©1981
=300  \\$a1 online resource (xiii, 182 pages) :$billustrations, map
=336  \\$atext$btxt$2rdacontent
=337  \\$acomputer$bc$2rdamedia
=338  \\$aonline resource$bcr$2rdacarrier
=500  \\$a"A thesis submitted to the Faculty of Graduate Studies and Research in partial fulfilment of the requirements for the degree of Master of Science in Mineral Engineering."
=502  \\$bM. Sc.$cUniversity of Alberta$d1981.
=504  \\$aIncludes bibliographical references (pages 142-147).
=650  \0$aCoal preparation.
=650  \0$aFlotation.
=710  2\$aUniversity of Alberta.$bDepartment of Mineral Engineering.
=900  \\$aMK56928
=949  \\$zUAIN$zETHESIS

