=LDR  01224ntm a22003251i 4500
=001  uab09274291
=003  UAB
=005  20141001103145.0
=006  m|||||o||d||||||||
=007  cr||||||||||||
=008  141001t19811981xx\af\\\obm\\\000\0\eng\d
=040  \\$aUAB$beng$erda$cUAB
=043  \\$an-cn-ab
=050  \4$aLC5493.C2$bE367 1981
=090  \\$aInternet Access$bAEU
=100  1\$aSykes, Barbara A.,$eauthor.
=245  10$aSpring session for seniors :$ban evaluation /$cby Barbara A. Sykes.
=264  \1$c[1981]
=264  \4$c©1981
=300  \\$a1 online resource (xi, 150 pages) :$billustrations
=336  \\$atext$btxt$2rdacontent
=337  \\$acomputer$bc$2rdamedia
=338  \\$aonline resource$bcr$2rdacarrier
=500  \\$a"A thesis submitted to the Faculty of Graduate Studies and Research in partial fulfilment of the requirements for the degree of Master of Science in Family Studies, Faculty of Home Economics."
=502  \\$bM. Sc.$cUniversity of Alberta$d1981.
=504  \\$aIncludes bibliographical references (pages 124-131).
=650  \0$aAdult education$zAlberta.
=650  \0$aOlder people$xEducation$zAlberta.
=710  2\$aUniversity of Alberta.$bFaculty of Home Economics.
=900  \\$aMK60264
=949  \\$zUAIN$zETHESIS

