=LDR  01200ntm a22003011i 4500
=001  uab09274314
=003  UAB
=005  20141001111007.0
=006  m|||||o||d||||||||
=007  cr||||||||||||
=008  141001t19681968xx\adf\\obm\\\000\0\eng\d
=040  \\$aUAB$beng$erda$cUAB
=050  \4$aQD401$b.B35 1968
=090  \\$aInternet Access$bAEU
=100  1\$aBajwa, Gurdip Singh,$eauthor.
=245  12$aA mechanistic study of the Fischer indole synthesis :$bisolation and indolization of the dienone-imine intermediate /$cby Gurdip Singh Bajwa, M. Sc. (Hons).
=264  \1$c[1968]
=264  \4$c©1968
=300  \\$a1 online resource (xiii, 203 pages) :$billustrations
=336  \\$atext$btxt$2rdacontent
=337  \\$acomputer$bc$2rdamedia
=338  \\$aonline resource$bcr$2rdacarrier
=500  \\$a"A thesis submitted to the Faculty of Graduate Studies in partial fulfilment of the requirements for the degree of Doctor of Philosophy, Department of Chemistry."
=502  \\$bPh. D.$cUniversity of Alberta$d1968.
=504  \\$aIncludes bibliographical references (pages 194-202).
=650  \0$aIndole$xSynthesis.
=710  2\$aUniversity of Alberta.$bDepartment of Chemistry.
=900  \\$aNK03352
=949  \\$zUAIN$zETHESIS

