=LDR  01195ntm a22003131i 4500
=001  uab09274345
=003  UAB
=005  20141001114637.0
=006  m|||||o||d||||||||
=007  cr||||||||||||
=008  141001t19681968xx\adf\\obm\\\000\0\eng\d
=040  \\$aUAB$beng$erda$cUAB
=050  \4$aQD281.E4$bB35 1968
=090  \\$aInternet Access$bAEU
=100  1\$aBaldwin, Michael John,$eauthor.
=245  14$aThe preparation, structures and some properties of [alpha]-(alkylthio)acetals /$cby Michael John Baldwin, B. Sc.
=264  \1$c[1968]
=264  \4$c©1968
=300  \\$a1 online resource (xiii, 205 pages) :$billustrations
=336  \\$atext$btxt$2rdacontent
=337  \\$acomputer$bc$2rdamedia
=338  \\$aonline resource$bcr$2rdacarrier
=500  \\$a"A thesis submitted to the Faculty of Graduate Studies in partial fulfilment of the requirements for the degree of Doctor of Philosophy, Department of Chemistry."
=502  \\$bPh. D.$cUniversity of Alberta$d1968.
=504  \\$aIncludes bibliographical references (pages 180-190).
=650  \0$aElimination reactions.
=650  \0$aCarbohydrates.
=710  2\$aUniversity of Alberta.$bDepartment of Chemistry.
=900  \\$aNK03355
=949  \\$zUAIN$zETHESIS

