=LDR  01199ntm a22003251i 4500
=001  uab09274357
=003  UAB
=005  20141001120027.0
=006  m|||||o||d||||||||
=007  cr||||||||||||
=008  141001t19681968xx\adf\\obm\\\000\0\eng\d
=040  \\$aUAB$beng$erda$cUAB
=050  \4$aQD651.E84$bB36 1968
=090  \\$aInternet Access$bAEU
=100  1\$aBansal, Krishan Murari,$eauthor.
=245  10$aRadiolysis of diethyl ether and ethanol vapors :$btemperature effects /$cby Krishan Murari Bansal.
=264  \1$c[1968]
=264  \4$c©1968
=300  \\$a1 online resource (xviii, 283 pages) :$billustrations
=336  \\$atext$btxt$2rdacontent
=337  \\$acomputer$bc$2rdamedia
=338  \\$aonline resource$bcr$2rdacarrier
=500  \\$a"A thesis submitted to the Faculty of Graduate Studies in partial fulfilment of the requirements for the degree of Doctor of Philosophy, Department of Chemistry."
=502  \\$bPh. D.$cUniversity of Alberta$d1968.
=504  \\$aIncludes bibliographical references (pages 257-268).
=650  \0$aEther.
=650  \0$aEthanol.
=650  \0$aRadiation chemistry.
=710  2\$aUniversity of Alberta.$bDepartment of Chemistry.
=900  \\$aNK03357
=949  \\$zUAIN$zETHESIS

