=LDR  01270ntm a22003371i 4500
=001  uab09274367
=003  UAB
=005  20141001121000.0
=006  m|||||o||d||||||||
=007  cr||||||||||||
=008  141001t19681968xx\adf\\obm\\\000\0\eng\d
=040  \\$aUAB$beng$erda$cUAB
=050  \4$aQD651.H93$bB73 1968
=090  \\$aInternet Access$bAEU
=100  1\$aBrazier, David Walter,$eauthor.
=245  14$aThe effect of pressure on the radiation induced conductance of liquid hydrocarbons /$cby David Walter Brazier.
=264  \1$c[1968]
=264  \4$c©1968
=300  \\$a1 online resource (xvi, 252 pages) :$billustrations
=336  \\$atext$btxt$2rdacontent
=337  \\$acomputer$bc$2rdamedia
=338  \\$aonline resource$bcr$2rdacarrier
=500  \\$a"A thesis submitted to the Faculty of Graduate Studies in partial fulfilment of the requirements for the degree of Doctor of Philosophy, Department of Chemistry."
=502  \\$bPh. D.$cUniversity of Alberta$d1968.
=504  \\$aIncludes bibliographical references (pages 242-252).
=650  \0$aRadiation chemistry.
=650  \0$aHydrocarbons.
=650  \0$aElectric conductivity.
=650  \0$aHigh pressure chemistry.
=710  2\$aUniversity of Alberta.$bDepartment of Chemistry.
=900  \\$aNK03358
=949  \\$zUAIN$zETHESIS

