=LDR  01133ntm a22003131i 4500
=001  uab09274392
=003  UAB
=005  20141001125332.0
=006  m|||||o||d||||||||
=007  cr||||||||||||
=008  141001t19681968xx\df\\\obm\\\000\0\eng\d
=040  \\$aUAB$beng$erda$cUAB
=050  \4$aQC174.12$b.C43 1968
=090  \\$aInternet Access$bAEU
=100  1\$aChan, Hing Hun,$eauthor.
=245  10$aQuantum mechanical dissipative systems /$cby Hing Hun Chan.
=264  \1$c[1968]
=264  \4$c©1968
=300  \\$a1 online resource (viii, 100 pages) :$billustrations
=336  \\$atext$btxt$2rdacontent
=337  \\$acomputer$bc$2rdamedia
=338  \\$aonline resource$bcr$2rdacarrier
=500  \\$a"A thesis submitted to the Faculty of Graduate Studies in partial fulfilment of the requirements for the degree of Doctor of Philosophy, Department of Physics."
=502  \\$bPh. D.$cUniversity of Alberta$d1968.
=504  \\$aIncludes bibliographical references (pages 92-94).
=650  \0$aQuantum systems.
=650  \0$aSchrödinger equation.
=710  2\$aUniversity of Alberta.$bDepartment of Physics.
=900  \\$aNK03363
=949  \\$zUAIN$zETHESIS

