=LDR  01245ntm a22003371i 4500
=001  uab09274414
=003  UAB
=005  20141001131921.0
=006  m|||||o||d||||||||
=007  cr||||||||||||
=008  141001t19681968xx\abdf\obm\\\000\0\eng\d
=040  \\$aUAB$beng$erda$cUAB
=050  \4$aQA403$b.A33 1968
=090  \\$aInternet Access$bAEU
=100  1\$aAgarwal, Ram Gopal,$eauthor.
=245  10$aTwo-dimensional harmonic analysis of potential fields /$cby Ram Gopal Agarwal.
=264  \1$c[1968]
=264  \4$c©1968
=300  \\$a1 online resource (1 volume (various pagings)) :$billustrations, maps
=336  \\$atext$btxt$2rdacontent
=337  \\$acomputer$bc$2rdamedia
=338  \\$aonline resource$bcr$2rdacarrier
=500  \\$a"A thesis submitted to the Faculty of Graduate Studies in partial fulfillment of the requirements for the degree of Doctor of Philosophy, Department of Physics."
=502  \\$bPh. D.$cUniversity of Alberta$d1968.
=504  \\$aIncludes bibliographical references (pages 71-75).
=650  \0$aHarmonic analysis.
=650  \0$aGravitational fields.
=650  \0$aMagnetic fields.
=650  \0$aFourier transformations.
=710  2\$aUniversity of Alberta.$bDepartment of Physics.
=900  \\$aNK03348
=949  \\$zUAIN$zETHESIS

