=LDR  01244ntm a22003611i 4500
=001  uab09274718
=003  UAB
=005  20141002114716.0
=006  m|||||o||d||||||||
=007  cr||||||||||||
=008  141002t19701970xx\adf\\obm\\\000\0\eng\d
=040  \\$aUAB$beng$erda$cUAB
=050  \4$aQD576.O1$bB63 1970
=090  \\$aInternet Access$bAEU
=100  1\$aBodewig, Franz G.,$eauthor.
=245  10$aGroup VI elements in fused LiCl-KCl /$cby Franz G. Bodewig.
=264  \1$c[1970]
=264  \4$c©1970
=300  \\$a1 online resource (viii, 86 pages) :$billustrations
=336  \\$atext$btxt$2rdacontent
=337  \\$acomputer$bc$2rdamedia
=338  \\$aonline resource$bcr$2rdacarrier
=500  \\$a"A thesis submitted to the Faculty of Graduate Studies in partial fulfilment of the requirements for the degree of Doctor of Philosophy, Department of Chemistry."
=502  \\$bPh. D.$cUniversity of Alberta$d1970.
=504  \\$aIncludes bibliographical references (page 64).
=650  \0$aElectrochemistry.
=650  \0$aSpectrophotometry.
=650  \0$aChalcogens.
=650  \0$aAnions.
=650  \0$aEutectic alloys.
=650  \0$aFused salts.
=710  2\$aUniversity of Alberta.$bDepartment of Chemistry.
=900  \\$aNK06191
=949  \\$zUAIN$zETHESIS

