=LDR  01240ntm a22003131i 4500
=001  uab09274730
=003  UAB
=005  20141002120000.0
=006  m|||||o||d||||||||
=007  cr||||||||||||
=008  141002t19701970xx\adf\\obm\\\000\0\eng\d
=040  \\$aUAB$beng$erda$cUAB
=050  \4$aQP625.P87$bC73 1970
=090  \\$aInternet Access$bAEU
=100  1\$aCrabtree, Gerald Winston,$eauthor.
=245  10$aStudies on the control of purine nucleotide metabolism in Ehrlich ascites tumor cells in vitro /$cby Gerald Winston Crabtree.
=264  \1$c[1970]
=264  \4$c©1970
=300  \\$a1 online resource (xvii, 174 pages) :$billustrations
=336  \\$atext$btxt$2rdacontent
=337  \\$acomputer$bc$2rdamedia
=338  \\$aonline resource$bcr$2rdacarrier
=500  \\$a"A thesis submitted to the Faculty of Graduate Studies in partial fulfilment of the requirements for the degree of Doctor of Philosophy, Department of Biochemistry."
=502  \\$bPh. D.$cUniversity of Alberta$d1970.
=504  \\$aIncludes bibliographical references (pages 170-174).
=650  \0$aPurine nucleotides$xMetabolism$xRegulation.
=650  \0$aAscites tumors.
=710  2\$aUniversity of Alberta.$bDepartment of Biochemistry.
=900  \\$aNK06196
=949  \\$zUAIN$zETHESIS

