=LDR  01228ntm a22003251i 4500
=001  uab09274744
=003  UAB
=005  20141002121517.0
=006  m|||||o||d||||||||
=007  cr||||||||||||
=008  141002t19701970xx\adf\\obm\\\000\0\eng\d
=040  \\$aUAB$beng$erda$cUAB
=050  \4$aQD181.F4$bH37 1970
=090  \\$aInternet Access$bAEU
=100  1\$aHasinoff, Brian B.,$eauthor.
=245  14$aThe kinetics of the oxidation of ferrocyanide by horseradish peroxidase compounds I and II /$cby Brian B. Hasinoff.
=264  \1$c[1970]
=264  \4$c©1970
=300  \\$a1 online resource (ix, 141 pages) :$billustrations
=336  \\$atext$btxt$2rdacontent
=337  \\$acomputer$bc$2rdamedia
=338  \\$aonline resource$bcr$2rdacarrier
=500  \\$a"A thesis submitted to the Faculty of Graduate Studies in partial fulfilment of the requirements for the degree of Doctor of Philosophy, Department of Chemistry."
=502  \\$bPh. D.$cUniversity of Alberta$d1970.
=504  \\$aIncludes bibliographical references (pages 109-117).
=650  \0$aFerrocyanides$xOxidation.
=650  \0$aPeroxidase.
=650  \0$aChemical kinetics.
=710  2\$aUniversity of Alberta.$bDepartment of Chemistry.
=900  \\$aNK06208
=949  \\$zUAIN$zETHESIS

