=LDR  01143ntm a22003131i 4500
=001  uab09274761
=003  UAB
=005  20141002124909.0
=006  m|||||o||d||||||||
=007  cr||||||||||||
=008  141002t19701970xx\adf\\obm\\\000\0\eng\d
=040  \\$aUAB$beng$erda$cUAB
=050  \4$aQK623.S6$bI85 1970
=090  \\$aInternet Access$bAEU
=100  1\$aIslam, M. S.,$eauthor.
=245  10$aSex hormones in Neurospora crassa /$cby M.S. Islam.
=264  \1$c[1970]
=264  \4$c©1970
=300  \\$a1 online resource (14 unnumbered pages, 103, vi pages) :$billustrations
=336  \\$atext$btxt$2rdacontent
=337  \\$acomputer$bc$2rdamedia
=338  \\$aonline resource$bcr$2rdacarrier
=500  \\$a"A thesis submitted to the Faculty of Graduate Studies in partial fulfillment of the requirements for the degree of Doctor of Philosophy, Department of Genetics."
=502  \\$bPh. D.$cUniversity of Alberta$d1970.
=504  \\$aIncludes bibliographical references (pages 96-103).
=650  \0$aNeurospora crassa.
=650  \0$aPlant sex hormones.
=710  2\$aUniversity of Alberta.$bDepartment of Genetics.
=900  \\$aNK06212
=949  \\$zUAIN$zETHESIS

