=LDR  01329ntm a22003131i 4500
=001  uab09274776
=003  UAB
=005  20141002131728.0
=006  m|||||o||d||||||||
=007  cr||||||||||||
=008  141002t19701970xx\abdf\obm\\\000\0\eng\d
=040  \\$aUAB$beng$erda$cUAB
=043  \\$an-cn-bc
=050  \4$aQL638.G27$bM66 1970
=090  \\$aInternet Access$bAEU
=100  1\$aMoodie, G. E. E.,$eauthor.
=245  10$aPredation as a mechanism in the evolution of an unusual population of sticklebacks in the Queen Charlotte Islands, Canada (Pisces, Gasterosteidae) /$cby G.E.E. Moodie.
=264  \1$c[1970]
=264  \4$c©1970
=300  \\$a1 online resource (12 unnumbered pages, 88 pages, 1 unnumbered page) :$billustrations, maps
=336  \\$atext$btxt$2rdacontent
=337  \\$acomputer$bc$2rdamedia
=338  \\$aonline resource$bcr$2rdacarrier
=500  \\$a"A thesis submitted to the Faculty of Graduate Studies in partial fulfilment of the requirements for the degree of Doctor of Philosophy, Department of Zoology."
=502  \\$bPh. D.$cUniversity of Alberta$d1970.
=504  \\$aIncludes bibliographical references (pages 70-74).
=650  \0$aSticklebacks$xEvolution$xEffect of predation on$zBritish Columbia$zHaida Gwaii.
=710  2\$aUniversity of Alberta.$bDepartment of Zoology.
=900  \\$aNK06224
=949  \\$zUAIN$zETHESIS

