=LDR  01165ntm a22003371i 4500
=001  uab09274793
=003  UAB
=005  20141002135036.0
=006  m|||||o||d||||||||
=007  cr||||||||||||
=008  141002t19701970xx\adf\\obm\\\000\0\eng\d
=040  \\$aUAB$beng$erda$cUAB
=050  \4$aQD305.E7$bM86 1970
=090  \\$aInternet Access$bAEU
=100  1\$aMumford, Cedric,$eauthor.
=245  10$aStudies on 1,2-dioxetanes /$cby Cedric Mumford.
=264  \1$c[1970]
=264  \4$c©1970
=300  \\$a1 online resource (x, 179 pages) :$billustrations
=336  \\$atext$btxt$2rdacontent
=337  \\$acomputer$bc$2rdamedia
=338  \\$aonline resource$bcr$2rdacarrier
=500  \\$a"A thesis submitted to the Faculty of Graduate Studies in partial fulfilment of the requirements for the degree of Doctor of Philosophy, Department of Chemistry."
=502  \\$bPh. D.$cUniversity of Alberta$d1970.
=504  \\$aIncludes bibliographical references (pages 173-179).
=650  \0$aPeroxides.
=650  \0$aAlkenes.
=650  \0$aHydantoin.
=650  \0$aHydrogen peroxide.
=710  2\$aUniversity of Alberta.$bDepartment of Chemistry.
=900  \\$aNK06226
=949  \\$zUAIN$zETHESIS

