=LDR  01393ntm a22003251i 4500
=001  uab09274912
=003  UAB
=005  20141002154202.0
=006  m|||||o||d||||||||
=007  cr||||||||||||
=008  141002t19701970xx\df\\\obm\\\000\0\eng\d
=040  \\$aUAB$beng$erda$cUAB
=043  \\$an-cn-ab
=050  \4$aS592.6.P5$bO43 1970
=090  \\$aInternet Access$bAEU
=100  1\$aOmanwar, Pandurang Keraba,$eauthor.
=245  10$aAvailable phosphorus in relation to the physical and chemical characteristics of phosphorus of some Alberta soils /$cby Pandurang Keraba Omanwar, B. Sc. (Agric.), M. Sc. (Agric.).
=264  \1$c[1970]
=264  \4$c©1970
=300  \\$a1 online resource (13 unnumbered pages, 115 pages) :$billustrations
=336  \\$atext$btxt$2rdacontent
=337  \\$acomputer$bc$2rdamedia
=338  \\$aonline resource$bcr$2rdacarrier
=500  \\$a"A thesis submitted to the Faculty of Graduate Studies in partial fulfilment of the requirements for the degree of Doctor of Philosophy, Department of Soil Science."
=502  \\$bPh. D.$cUniversity of Alberta$d1970.
=504  \\$aIncludes bibliographical references (pages 95-103).
=590  \\$aLibrary copy imperfect: pages 112-end contain duplicates and paging not sequential.
=650  \0$aSoils$xPhosphorus content$zAlberta.
=710  2\$aUniversity of Alberta.$bDepartment of Soil Science.
=900  \\$aNK06230
=949  \\$zUAIN$zETHESIS

