=LDR  01209ntm a22003131i 4500
=001  uab09275561
=003  UAB
=005  20141006095122.0
=006  m|||||o||d||||||||
=007  cr||||||||||||
=008  141006t19711971xx\acf\\obm\\\000\0deng\d
=040  \\$aUAB$beng$erda$cUAB
=050  \4$aPR6023.E97$bZ539 1971
=090  \\$aInternet Access$bAEU
=100  1\$aBlott, Catherine Ann,$eauthor.
=245  10$aWyndham Lewis :$bthe satire of accommodation /$cby Catherine Anne Blott.
=264  \1$c[1971]
=264  \4$c©1971
=300  \\$a1 online resource (xi, 290 pages) :$billustrations, portraits
=336  \\$atext$btxt$2rdacontent
=337  \\$acomputer$bc$2rdamedia
=338  \\$aonline resource$bcr$2rdacarrier
=500  \\$a"A thesis submitted to the Faculty of Graduate Studies in partial fulfillment of the requirements for the degree of Doctor of Philosophy, Department of English."
=502  \\$bPh. D.$cUniversity of Alberta$d1971.
=504  \\$aIncludes bibliographical references (pages 236-290).
=590  \\$aLibrary copy imperfect: page 227 scanned twice.
=600  10$aLewis, Wyndham,$d1882-1957$xHumor.
=710  2\$aUniversity of Alberta.$bDepartment of English.
=900  \\$aNK08060
=949  \\$zUAIN$zETHESIS

