=LDR  01198ntm a22003251i 4500
=001  uab09275564
=003  UAB
=005  20141006100223.0
=006  m|||||o||d||||||||
=007  cr||||||||||||
=008  141006t19711971xx\adf\\obm\\\000\0\eng\d
=040  \\$aUAB$beng$erda$cUAB
=050  \4$aQP616.T75$bC45 1971
=090  \\$aInternet Access$bAEU
=100  1\$aChiang, Peter K.,$eauthor.
=245  12$aA comparative study of triosephosphate isomerase /$cby Peter K. Chiang.
=264  \1$c[1971]
=264  \4$c©1971
=300  \\$a1 online resource (16 unnumbered pages, 142 pages) :$billustrations
=336  \\$atext$btxt$2rdacontent
=337  \\$acomputer$bc$2rdamedia
=338  \\$aonline resource$bcr$2rdacarrier
=500  \\$a"A thesis submitted to the Faculty of Graduate Studies in partial fulfilment of the requirements for the degree of Doctor of Philosophy, Department of Entomology."
=502  \\$bPh. D.$cUniversity of Alberta$d1971.
=504  \\$aIncludes bibliographical references (pages 120-134).
=650  \0$aTriose-phosphate isomerase.
=650  \0$aAedes aegypti.
=650  \0$aHousefly.
=710  2\$aUniversity of Alberta.$bDepartment of Entomology.
=900  \\$aNK08065
=949  \\$zUAIN$zETHESIS

