=LDR  01223ntm a22003131i 4500
=001  uab09275565
=003  UAB
=005  20141006100432.0
=006  m|||||o||d||||||||
=007  cr||||||||||||
=008  141006t19711971xx\adf\\obm\\\000\0\eng\d
=040  \\$aUAB$beng$erda$cUAB
=050  \4$aQP619.P46$bC48 1971
=090  \\$aInternet Access$bAEU
=100  1\$aChu, Samuel Yup-Wo,$eauthor.
=245  10$aKinetic studies of 5'-phosphoribosyl-formyglycineamidine synthetase and its inhibition by anticancer drugs /$cby Samuel Yup-Wo Chu.
=264  \1$c[1971]
=264  \4$c©1971
=300  \\$a1 online resource (xvi, 186 pages) :$billustrations
=336  \\$atext$btxt$2rdacontent
=337  \\$acomputer$bc$2rdamedia
=338  \\$aonline resource$bcr$2rdacarrier
=500  \\$a"A thesis submitted to the Faculty of Graduate Studies in partial fulfilment of the requirements for the degree of Doctor of Philosophy, Department of Biochemistry."
=502  \\$bPh. D.$cUniversity of Alberta$d1971.
=504  \\$aIncludes bibliographical references (pages 154-162).
=650  \0$aLigases$xInhibitors.
=650  \0$aAntineoplastic agents.
=710  2\$aUniversity of Alberta.$bDepartment of Biochemistry.
=900  \\$aNK08066
=949  \\$zUAIN$zETHESIS

