=LDR  01134ntm a22003011i 4500
=001  uab09275568
=003  UAB
=005  20141006101122.0
=006  m|||||o||d||||||||
=007  cr||||||||||||
=008  141006t19711971xx\\\\\\obm\\\000\0beng\d
=040  \\$aUAB$beng$erda$cUAB
=050  \4$aDS764.23.L53$bC48 1971
=090  \\$aInternet Access$bAEU
=100  1\$aChuang, Chen-Kuan,$eauthor.
=245  10$aLiang Ch'i-ch'ao (1873-1929) :$ba political study /$cby Chen-Kuan Chuang.
=264  \1$c[1971]
=264  \4$c©1971
=300  \\$a1 online resource (iv, 220 pages)
=336  \\$atext$btxt$2rdacontent
=337  \\$acomputer$bc$2rdamedia
=338  \\$aonline resource$bcr$2rdacarrier
=500  \\$a"A thesis submitted to the Faculty of Graduate Studies in partial fulfilment of the requirements for the degree of Doctor of Philosophy, Department of History."
=502  \\$bPh. D.$cUniversity of Alberta$d1971.
=504  \\$aIncludes bibliographical references (pages 153-199).
=600  10$aLiang, Qichao,$d1873-1929$xPolitical and social views.
=710  2\$aUniversity of Alberta.$bDepartment of History.
=900  \\$aNK08067
=949  \\$zUAIN$zETHESIS

