=LDR  01205ntm a22003251i 4500
=001  uab09275578
=003  UAB
=005  20141006102934.0
=006  m|||||o||d||||||||
=007  cr||||||||||||
=008  141006t19711971xx\df\\\obm\\\000\0\eng\d
=040  \\$aUAB$beng$erda$cUAB
=050  \4$aBF385$b.F68 1971
=090  \\$aInternet Access$bAEU
=100  1\$aFoth, Dennis Larry,$eauthor.
=245  10$aVerbal learning as a function of type of mnemonic technique and word abstractness /$cby Dennis Larry Foth.
=264  \1$c[1971]
=264  \4$c©1971
=300  \\$a1 online resource (viii, 162 pages) :$billustrations
=336  \\$atext$btxt$2rdacontent
=337  \\$acomputer$bc$2rdamedia
=338  \\$aonline resource$bcr$2rdacarrier
=500  \\$a"A thesis submitted to the Faculty of Graduate Studies in partial fulfilment of the requirements for the degree of Doctor of Philosophy, Department of Psychology."
=502  \\$bPh. D.$cUniversity of Alberta$d1971.
=504  \\$aIncludes bibliographical references (pages 113-119).
=650  \0$aMnemonics.
=650  \0$aAbstraction.
=650  \0$aVerbal learning.
=710  2\$aUniversity of Alberta.$bDepartment of Psychology.
=900  \\$aNK08074
=949  \\$zUAIN$zETHESIS

