=LDR  01356ntm a22003491i 4500
=001  uab09275688
=003  UAB
=005  20141006141209.0
=006  m|||||o||d||||||||
=007  cr||||||||||||
=008  141006t19721972xx\adf\\obm\\\000\0\eng\d
=040  \\$aUAB$beng$erda$cUAB
=050  \4$aTC175$b.H65 1972
=090  \\$aInternet Access$bAEU
=100  1\$aHollingshead, A. B.,$eauthor.
=245  10$aBoundary shear stress distribution in open channel flow /$cby Albert Bill Hollingshead.
=264  \1$c[1972]
=264  \4$c©1972
=300  \\$a1 online resource (1 volume (various pagings)) :$billustrations
=336  \\$atext$btxt$2rdacontent
=337  \\$acomputer$bc$2rdamedia
=338  \\$aonline resource$bcr$2rdacarrier
=500  \\$a"A thesis submitted to the Faculty of Graduate Studies and Research in partial fulfilment of the requirements for the degree of Doctor of Philosophy, Department of Civil Engineering."
=502  \\$bPh. D.$cUniversity of Alberta$d1972.
=504  \\$aIncludes bibliographical references (pages [124]-128).
=590  \\$aLibrary copy imperfect: page 38, 39, 43, 45, 48 scanned twice.
=650  \0$aOpen-channel flow.
=650  \0$aStress concentration.
=650  \0$aBoundary layer.
=650  \0$aShear (Mechanics)
=710  2\$aUniversity of Alberta.$bDepartment of Civil Engineering.
=900  \\$aNK11138
=949  \\$zUAIN$zETHESIS

