=LDR  01220ntm a22003251i 4500
=001  uab09275718
=003  UAB
=005  20141006150149.0
=006  m|||||o||d||||||||
=007  cr||||||||||||
=008  141006t19721972xx\adf\\obm\\\000\0\eng\d
=040  \\$aUAB$beng$erda$cUAB
=050  \4$aQP603.P4$bM34 1972
=090  \\$aInternet Access$bAEU
=100  1\$aMaguire, Robert James,$eauthor.
=245  14$aThe kinetics of lactoperoxidase reactions /$cby Robert James Maguire.
=264  \1$c[1972]
=264  \4$c©1972
=300  \\$a1 online resource (xi, 163 pages) :$billustrations
=336  \\$atext$btxt$2rdacontent
=337  \\$acomputer$bc$2rdamedia
=338  \\$aonline resource$bcr$2rdacarrier
=500  \\$a"A thesis submitted to the Faculty of Graduate Studies and Research in partial fulfilment of the requirements for the degree of Doctor of Philosophy, Department of Chemistry."
=502  \\$bPh. D.$cUniversity of Alberta$d1972.
=504  \\$aIncludes bibliographical references (pages 130-137).
=590  \\$aLibrary copy imperfect: page 135 scanned twice.
=650  \0$aPeroxidase.
=650  \0$aChemical kinetics.
=710  2\$aUniversity of Alberta.$bDepartment of Chemistry.
=900  \\$aNK11146
=949  \\$zUAIN$zETHESIS

