=LDR  01269ntm a22003251i 4500
=001  uab09276614
=003  UAB
=005  20141008184544.0
=006  m|||||o||d||||||||
=007  cr||||||||||||
=008  141008t19721972xx\adf\\obm\\\000\0\eng\d
=040  \\$aUAB$beng$erda$cUAB
=050  \4$aRS201.P8$bP67 1972
=090  \\$aInternet Access$bAEU
=100  1\$aPopli, Shankar Dass,$eauthor.
=245  10$aDissolution rate studies of powdered drugs /$cby Shankar Dass Popli.
=264  \1$c[1972]
=264  \4$c©1972
=300  \\$a1 online resource (xi, 181 pages) :$billustrations
=336  \\$atext$btxt$2rdacontent
=337  \\$acomputer$bc$2rdamedia
=338  \\$aonline resource$bcr$2rdacarrier
=500  \\$a"A thesis submitted to the Faculty of Graduate Studies and Research in partial fulfilment of the requirements for the degree of Doctor of Philosophy, Faculty of Pharmacy and Pharmaceutical Sciences."
=502  \\$bPh. D.$cUniversity of Alberta$d1972.
=504  \\$aIncludes bibliographical references (pages 161-181).
=650  \0$aDrugs$xSolubility.
=650  \0$aPowders (Pharmacy)$xDissolution.
=650  \0$aPolymorphism (Crystallography)
=710  2\$aUniversity of Alberta.$bFaculty of Pharmacy and Pharmaceutical Sciences.
=900  \\$aNK11157
=949  \\$zUAIN$zETHESIS

