=LDR  01281ntm a22003371i 4500
=001  uab09276776
=003  UAB
=005  20141009100653.0
=006  m|||||o||d||||||||
=007  cr||||||||||||
=008  141009t19721972xx\adf\\obm\\\000\0\eng\d
=040  \\$aUAB$beng$erda$cUAB
=050  \4$aSF259$b.R33 1972
=090  \\$aInternet Access$bAEU
=100  1\$aRaczuk, Terry W.,$eauthor.
=245  10$aOn the efficient use of steam in the deodorization of milk and cream /$cby Terry W. Raczuk.
=264  \1$c[1972]
=264  \4$c©1972
=300  \\$a1 online resource (17 unnumbered pages, 198 pages, 29 unnumbered pages) :$billustrations
=336  \\$atext$btxt$2rdacontent
=337  \\$acomputer$bc$2rdamedia
=338  \\$aonline resource$bcr$2rdacarrier
=500  \\$a"A thesis submitted to the Faculty of Graduate Studies and Research in partial fulfilment of the requirements for the degree of Doctor of Philosophy, Department of Food Science."
=502  \\$bPh. D.$cUniversity of Alberta$d1972.
=504  \\$aIncludes bibliographical references (pages [1-12], 3rd count).
=650  \0$aDairy processing.
=650  \0$aMilk$xFlavor and odor.
=650  \0$aCream.
=650  \0$aSteam.
=710  2\$aUniversity of Alberta.$bDepartment of Food Science.
=900  \\$aNK11159
=949  \\$zUAIN$zETHESIS

