=LDR  01236ntm a22003371i 4500
=001  uab09276805
=003  UAB
=005  20141009104925.0
=006  m|||||o||d||||||||
=007  cr||||||||||||
=008  141009t19721972xx\adf\\obm\\\000\0\eng\d
=040  \\$aUAB$beng$erda$cUAB
=050  \4$aQP603.P4$bR66 1972
=090  \\$aInternet Access$bAEU
=100  1\$aRoman, Robin S.,$eauthor.
=245  14$aThe kinetics of the oxidation reactions catalyzed by horseradish peroxidase /$cby Robin S. Roman.
=264  \1$c[1972]
=264  \4$c©1972
=300  \\$a1 online resource (xii, 219 pages) :$billustrations
=336  \\$atext$btxt$2rdacontent
=337  \\$acomputer$bc$2rdamedia
=338  \\$aonline resource$bcr$2rdacarrier
=500  \\$a"A thesis submitted to the Faculty of Graduate Studies and Research in partial fulfilment of the requirements for the degree of Doctor of Philosophy, Department of Chemistry."
=502  \\$bPh. D.$cUniversity of Alberta$d1972.
=504  \\$aIncludes bibliographical references (pages 189-196).
=650  \0$aPeroxidase.
=650  \0$aHorse-radish.
=650  \0$aOxidation.
=650  \0$aChemical kinetics.
=710  2\$aUniversity of Alberta.$bDepartment of Chemistry.
=900  \\$aNK11163
=949  \\$zUAIN$zETHESIS

