=LDR  01259ntm a22003131i 4500
=001  uab09276824
=003  UAB
=005  20141009111356.0
=006  m|||||o||d||||||||
=007  cr||||||||||||
=008  141009t19721972xx\adf\\obm\\\000\0\eng\d
=040  \\$aUAB$beng$erda$cUAB
=050  \4$aQR396$b.S53 1972
=090  \\$aInternet Access$bAEU
=100  1\$aShahrabadi, Mahmood Shamsi,$eauthor.
=245  10$aImmunological and biochemical studies on inclusions produced in canine adenovirus infected cells /$cby Mahmood Shamsi Shahrabadi.
=264  \1$c[1972]
=264  \4$c©1972
=300  \\$a1 online resource (xv, 155 pages) :$billustrations
=336  \\$atext$btxt$2rdacontent
=337  \\$acomputer$bc$2rdamedia
=338  \\$aonline resource$bcr$2rdacarrier
=500  \\$a"A thesis submitted to the Faculty of Graduate Studies and Research in partial fulfilment of the requirements for the degree of Doctor of Philosophy, Department of Microbiology."
=502  \\$bPh. D.$cUniversity of Alberta$d1972.
=504  \\$aIncludes bibliographical references (pages 145-155).
=650  \0$aAdenoviruses$xImmunological aspects.
=650  \0$aDogs as laboratory animals.
=710  2\$aUniversity of Alberta.$bDepartment of Microbiology.
=900  \\$ANK11168
=949  \\$zUAIN$zETHESIS




