=LDR  01351ntm a22003491i 4500
=001  uab09276828
=003  UAB
=005  20141009112344.0
=006  m|||||o||d||||||||
=007  cr||||||||||||
=008  141009t19721972xx\adf\\obm\\\000\0\eng\d
=040  \\$aUAB$beng$erda$cUAB
=050  \4$aQC793.5.N828$bS65 1972
=090  \\$aInternet Access$bAEU
=100  1\$aSmith, Michael R.,$eauthor.
=245  10$aNMR study of electron-nuclear interactions in white tin using the technique of macroscopic rotation /$cby Michael R. Smith.
=264  \1$c[1972]
=264  \4$c©1972
=300  \\$a1 online resource (6 unnumbered pages, 102 pages) :$billustrations
=336  \\$atext$btxt$2rdacontent
=337  \\$acomputer$bc$2rdamedia
=338  \\$aonline resource$bcr$2rdacarrier
=500  \\$a"A thesis submitted to the Faculty of Graduate Studies and Research in partial fulfilment of the requirements for the degree of Doctor of Philosophy, Department of Physics."
=502  \\$bPh. D.$cUniversity of Alberta$d1972.
=504  \\$aIncludes bibliographical references (leaves [1-2], 3rd count).
=650  \0$aNucleon-nucleon interactions.
=650  \0$aElectrons$xCapture.
=650  \0$aTin.
=650  \0$aRotational motion.
=650  \0$aNuclear magnetic resonance.
=710  2\$aUniversity of Alberta.$bDepartment of Physics.
=900  \\$aNK11169
=949  \\$zUAIN$zETHESIS

