=LDR  01288ntm a22003371i 4500
=001  uab09276889
=003  UAB
=005  20141009121005.0
=006  m|||||o||d||||||||
=007  cr||||||||||||
=008  141009t19721972xx\adf\\obm\\\000\0\eng\d
=040  \\$aUAB$beng$erda$cUAB
=050  \4$aTJ1077.5 E43$b.S65 1972
=090  \\$aInternet Access$bAEU
=100  1\$aSrinivasan, Venkatachary,$eauthor.
=245  10$aElastohydrodynamic lubrication in rolling and sliding contacts /$cby Venkatachary Srinivasan.
=264  \1$c[1972]
=264  \4$c©1972
=300  \\$a1 online resource (1 volume (various pagings)) :$billustrations
=336  \\$atext$btxt$2rdacontent
=337  \\$acomputer$bc$2rdamedia
=338  \\$aonline resource$bcr$2rdacarrier
=500  \\$a"A thesis submitted to the Faculty of Graduate Studies and Research in partial fulfilment of the requirements for the degree of Doctor of Philosophy, Department of Philosophy."
=502  \\$bPh. D.$cUniversity of Alberta$d1972.
=504  \\$aIncludes bibliographical references (pages 71-78).
=650  \0$aElastohydrodynamic lubrication.
=650  \0$aContact mechanics.
=650  \0$aRolling contact.
=650  \0$aSliding friction.
=710  2\$aUniversity of Alberta.$bDepartment of Philosophy.
=900  \\$aNK11171
=949  \\$zUAIN$zETHESIS

