=LDR  01161ntm a22003131i 4500
=001  uab09276923
=003  UAB
=005  20141009130238.0
=006  m|||||o||d||||||||
=007  cr||||||||||||
=008  141009t19721972xx\df\\\obm\\\000\0\eng\d
=040  \\$aUAB$beng$erda$cUAB
=050  \4$aQD181.S6$bA44 1972
=090  \\$aInternet Access$bAEU
=100  1\$aAlexander, Albert Gordon,$eauthor.
=245  14$aThe photochemistry of dimethylsilane /$cby Albert Gordon Alexander.
=264  \1$c[1972]
=264  \4$c©1972
=300  \\$a1 online resource (xii, 165 pages) :$billustrations
=336  \\$atext$btxt$2rdacontent
=337  \\$acomputer$bc$2rdamedia
=338  \\$aonline resource$bcr$2rdacarrier
=500  \\$a"A thesis submitted to the Faculty of Graduate Studies and Research in partial fulfilment of the requirements for the degree of Doctor of Philosophy, Department of Chemistry."
=502  \\$bPh. D.$cUniversity of Alberta$d1972.
=504  \\$aIncludes bibliographical references (pages 143-154).
=650  \0$aSilane compounds.
=650  \0$aPhotochemistry.
=710  2\$aUniversity of Alberta.$bDepartment of Chemistry.
=900  \\$aNK13280
=949  \\$zUAIN$zETHESIS

