=LDR  01301ntm a22003371i 4500
=001  uab09276925
=003  UAB
=005  20141009130443.0
=006  m|||||o||d||||||||
=007  cr||||||||||||
=008  141009t19721972xx\adf\\obm\\\000\0\eng\d
=040  \\$aUAB$beng$erda$cUAB
=050  \4$aTJ1071$b.A59 1972
=090  \\$aInternet Access$bAEU
=100  1\$aAnwar, Mohammad Iqbal,$eauthor.
=245  10$aEffects of nonuniform magnetic and electric fields in magnetohydrodynamic slider bearings /$cby Mohammad Iqbal Anwar.
=264  \1$c[1972]
=264  \4$c©1972
=300  \\$a1 online resource (xv, 128 pages) :$billustrations
=336  \\$atext$btxt$2rdacontent
=337  \\$acomputer$bc$2rdamedia
=338  \\$aonline resource$bcr$2rdacarrier
=500  \\$a"A thesis submitted to the Faculty of Graduate Studies and Research in partial fulfilment of the requirements for the degree of Doctor of Philosophy, Department of Mechanical Engineering."
=502  \\$bPh. D.$cUniversity of Alberta$d1972.
=504  \\$aIncludes bibliographical references (pages 79-81).
=650  \0$aRoller bearings.
=650  \0$aMagnetohydrodynamics.
=650  \0$aMagnetic fields.
=650  \0$aElectric fields.
=710  2\$aUniversity of Alberta.$bDepartment of Mechanical Engineering.
=900  \\$aNK13284
=949  \\$zUAIN$zETHESIS

