=LDR  01231ntm a22003251i 4500
=001  uab09276989
=003  UAB
=005  20141009143536.0
=006  m|||||o||d||||||||
=007  cr||||||||||||
=008  141009t19731973xx\adf\\obm\\\000\0\eng\d
=040  \\$aUAB$beng$erda$cUAB
=050  \4$aQD79.C45$bS34 1973
=090  \\$aInternet Access$bAEU
=100  1\$aScheil, George William,$eauthor.
=245  10$aReaction gas chromatography :$ba study of carbon-hydrogen analysis of chromatographic peaks /$cby George William Scheil.
=264  \1$c[1973]
=264  \4$c©1973
=300  \\$a1 online resource (xi, 118 pages) :$billustrations
=336  \\$atext$btxt$2rdacontent
=337  \\$acomputer$bc$2rdamedia
=338  \\$aonline resource$bcr$2rdacarrier
=500  \\$a"A thesis submitted to the Faculty of Graduate Studies and Research in partial fulfilment of the requirements for the degree of Doctor of Philosophy, Department of Chemistry."
=502  \\$bPh. D.$cUniversity of Alberta$d1973.
=504  \\$aIncludes bibliographical references (pages 117-118).
=650  \0$aGas chromatography.
=650  \0$aCarbon.
=650  \0$aHydrogen.
=710  2\$aUniversity of Alberta.$bDepartment of Chemistry.
=900  \\$aNK17679
=949  \\$zUAIN$zETHESIS

