=LDR  01210ntm a22003131i 4500
=001  uab09277226
=003  UAB
=005  20141010083057.0
=006  m|||||o||d||||||||
=007  cr||||||||||||
=008  141010t19731973xx\adf\\obm\\\000\0\eng\d
=040  \\$aUAB$beng$erda$cUAB
=050  \4$aQP493$b.W45 1973
=090  \\$aInternet Access$bAEU
=100  1\$aWelland, Edmund James,$eauthor.
=245  14$aThe effect of movement in the cue dimension on a visual search task /$cby Edmund James Welland.
=264  \1$c[1973]
=264  \4$c©1973
=300  \\$a1 online resource (x, 76 pages) :$billustrations
=336  \\$atext$btxt$2rdacontent
=337  \\$acomputer$bc$2rdamedia
=338  \\$aonline resource$bcr$2rdacarrier
=500  \\$a"A thesis submitted to the Faculty of Graduate Studies and Research in partial fulfilment of the requirements for the degree of Doctor of Philosophy, Department of Physical Education."
=502  \\$bPh. D.$cUniversity of Alberta$d1973.
=504  \\$aIncludes bibliographical references (pages 61-65).
=650  \0$aMotion perception (Vision)
=650  \0$aSearching behavior.
=710  2\$aUniversity of Alberta.$bDepartment of Physical Education.
=900  \\$aNK17726
=949  \\$zUAIN$zETHESIS

