=LDR  01421ntm a22003491i 4500
=001  uab09277227
=003  UAB
=005  20141010083229.0
=006  m|||||o||d||||||||
=007  cr||||||||||||
=008  141010t19731973xx\abdf\obm\\\000\0\eng\d
=040  \\$aUAB$beng$erda$cUAB
=043  \\$an-cn-bc
=050  \4$aQE187$b.W56 1973
=090  \\$aInternet Access$bAEU
=100  1\$aWinzer, Stephen R.,$eauthor.
=245  10$aMetamorphism and chemical equilibrium in some rocks from the central Kootenay Arc /$cby Stephen R. Winzer.
=264  \1$c[1973]
=264  \4$c©1973
=300  \\$a1 online resource (xviii, 335 pages, 11, 7 leaves of plates) :$billustrations, maps
=336  \\$atext$btxt$2rdacontent
=337  \\$acomputer$bc$2rdamedia
=338  \\$aonline resource$bcr$2rdacarrier
=500  \\$a"A thesis submitted to the Faculty of Graduate Studies and Research in partial fulfilment of the requirements for the degree of Doctor of Philosophy, Department of Geology."
=502  \\$bPh. D.$cUniversity of Alberta$d1973.
=504  \\$aIncludes bibliographical references (pages [250]-263).
=650  \0$aGeology$zBritish Columbia$zKootenay Region.
=650  \0$aRocks$zBritish Columbia$zKootenay Region$xAnalysis.
=650  \0$aMetamorphism (Geology)$zBritish Columbia$zKootenay Region.
=650  \0$aChemical equilibrium.
=710  2\$aUniversity of Alberta.$bDepartment of Geology.
=900  \\$aNK17737
=949  \\$zUAIN$zETHESIS

