=LDR  01174ntm a22003011i 4500
=001  uab09277247
=003  UAB
=005  20141010092909.0
=006  m|||||o||d||||||||
=007  cr||||||||||||
=008  141010t19741974xx\adf\\obm\\\000\0\eng\d
=040  \\$aUAB$beng$erda$cUAB
=050  \4$aTK7872.F5$bC44 1974
=090  \\$aInternet Access$bAEU
=100  1\$aCheng, Ephrem Hiu-Chung,$eauthor.
=245  10$aActive filter synthesis /$cby Ephrem Hiu-Chung Cheng.
=264  \1$c[1974]
=264  \4$c©1974
=300  \\$a1 online resource (xvi, 141 pages) :$billustrations
=336  \\$atext$btxt$2rdacontent
=337  \\$acomputer$bc$2rdamedia
=338  \\$aonline resource$bcr$2rdacarrier
=500  \\$a"A thesis submitted to the Faculty of Graduate Studies and Research in partial fulfilment of the requirements for the degree of Doctor of Philosophy, Department of Electrical Engineering."
=502  \\$bPh. D.$cUniversity of Alberta$d1974.
=504  \\$aIncludes bibliographical references (pages 109-116).
=650  \0$aElectric filters, Active$xDesign and construction.
=710  2\$aUniversity of Alberta.$bDepartment of Electrical Engineering.
=900  \\$aNK20983
=949  \\$zUAIN$zETHESIS

