=LDR  01256ntm a22003131i 4500
=001  uab09277251
=003  UAB
=005  20141010093439.0
=006  m|||||o||d||||||||
=007  cr||||||||||||
=008  141010t19741974xx\adf\\obm\\\000\0\eng\d
=040  \\$aUAB$beng$erda$cUAB
=050  \4$aBF698.35.L62$bC76 1974
=090  \\$aInternet Access$bAEU
=100  1\$aCrouse, Dorothy Jean,$eauthor.
=245  10$aInternal-external control in thought samples, defensive styles and observed interpersonal behaviors in a psychiatric population /$cby Dorothy Jean Crouse.
=264  \1$c[1974]
=264  \4$c©1974
=300  \\$a1 online resource (xiv, 160 pages) :$billustrations
=336  \\$atext$btxt$2rdacontent
=337  \\$acomputer$bc$2rdamedia
=338  \\$aonline resource$bcr$2rdacarrier
=500  \\$a"A thesis submitted to the Faculty of Graduate Studies in partial fulfillment of the requirements for the degree of Doctor of Philosophy, Department of Psychology."
=502  \\$bPh. D.$cUniversity of Alberta$d1974.
=504  \\$aIncludes bibliographical references (pages 76-88).
=650  \0$aLocus of control.
=650  \0$aPsychotherapy patients$xPsychology.
=710  2\$aUniversity of Alberta.$bDepartment of Psychology.
=900  \\$aNK20989
=949  \\$zUAIN$zETHESIS

