=LDR  01213ntm a22003251i 4500
=001  uab09277268
=003  UAB
=005  20141010095429.0
=006  m|||||o||d||||||||
=007  cr||||||||||||
=008  141010t19741974xx\adf\\obm\\\000\0\eng\d
=040  \\$aUAB$beng$erda$cUAB
=050  \4$aQH603.R5$bF33 1974
=090  \\$aInternet Access$bAEU
=100  1\$aFaber, Albert John,$eauthor.
=245  10$aStudies on mammalian ribosomes and protein synthesis /$cby Albert John Faber.
=264  \1$c[1974]
=264  \4$c©1974
=300  \\$a1 online resource (xix, 166 pages) :$billustrations
=336  \\$atext$btxt$2rdacontent
=337  \\$acomputer$bc$2rdamedia
=338  \\$aonline resource$bcr$2rdacarrier
=500  \\$a"A thesis submitted to the Faculty of Graduate Studies and Research in partial fulfilment of the requirements for the degree of Doctor of Philosophy, Department of Biochemistry."
=502  \\$bPh. D.$cUniversity of Alberta$d1974.
=504  \\$aIncludes bibliographical references (pages 151-166).
=650  \0$aRibosomes.
=650  \0$aProteins$xSynthesis.
=650  \0$aRats as laboratory animals.
=710  2\$aUniversity of Alberta.$bDepartment of Biochemistry.
=900  \\$aNK21007
=949  \\$zUAIN$zETHESIS

