=LDR  01447ntm a22003491i 4500
=001  uab09277272
=003  UAB
=005  20141010100023.0
=006  m|||||o||d||||||||
=007  cr||||||||||||
=008  141010t19741974xx\\\\\\obm\\\000\0ceng\d
=040  \\$aUAB$beng$erda$cUAB
=050  \4$aN8354$b.G55 1974
=090  \\$aInternet Access$bAEU
=100  1\$aGillespie, Diane F.,$eauthor.
=245  10$aFemale artists as characters and creators :$bthe dual concern with feminine role and feminine fiction in the work of May Sinclair, Dorothy Richardson and Virginia Woolf /$cby Diane Filby Gillespie.
=264  \1$c[1974]
=264  \4$c©1974
=300  \\$a1 online resource (x, 425 pages)
=336  \\$atext$btxt$2rdacontent
=337  \\$acomputer$bc$2rdamedia
=338  \\$aonline resource$bcr$2rdacarrier
=500  \\$a"A thesis submitted to the Faculty of Graduate Studies [and] Research in partial fulfilment of the requirements for the degree of Doctor of Philosophy, Department of English."
=502  \\$bPh. D.$cUniversity of Alberta$d1974.
=504  \\$aIncludes bibliographical references (pages 390-408).
=650  \0$aWomen artists in literature.
=650  \0$aEnglish literature$xHistory and criticism.
=600  10$aSinclair, May.
=600  10$aRichardson, Dorothy M.$q(Dorothy Miller),$d1873-1957.
=600  10$aWoolf, Virginia,$d1882-1941.
=710  2\$aUniversity of Alberta.$bDepartment of English.
=900  \\$aNK21016
=949  \\$zUAIN$zETHESIS

