=LDR  01186ntm a22003131i 4500
=001  uab09277363
=003  UAB
=005  20141010134441.0
=006  m|||||o||d||||||||
=007  cr||||||||||||
=008  141010t19751975xx\a\\\\obm\\\000\0\eng\d
=040  \\$aUAB$beng$erda$cUAB
=050  \4$aB63$b.M57 1975
=090  \\$aInternet Access$bAEU
=100  1\$aMirković, Damir,$eauthor.
=245  10$aDialectic and sociology :$ba critical examination of dialectical thought in western sociology /$cby Damir Mirković.
=264  \1$c[1975]
=264  \4$c©1975
=300  \\$a1 online resource (ix, 248 pages) :$billustration
=336  \\$atext$btxt$2rdacontent
=337  \\$acomputer$bc$2rdamedia
=338  \\$aonline resource$bcr$2rdacarrier
=500  \\$a"A thesis submitted to the Faculty of Graduate Studies and Research in partial fulfilment of the requirements for the degree of Doctor of Philosophy, Department of Sociology."
=502  \\$bPh. D.$cUniversity of Alberta$d1975.
=504  \\$aIncludes bibliographical references (pages 230-246).
=650  \0$aSociology.
=650  \0$aDialectic.
=710  2\$aUniversity of Alberta.$bDepartment of Sociology.
=900  \\$aNK24100
=949  \\$zUAIN$zETHESIS

