=LDR  01239ntm a22003251i 4500
=001  uab09277739
=003  UAB
=005  20141013130700.0
=006  m|||||o||d||||||||
=007  cr||||||||||||
=008  141013t19751975xx\\\\\\obm\\\000\0\eng\d
=040  \\$aUAB$beng$erda$cUAB
=043  \\$an-cnp--
=050  \4$aPN98.D47$bP38 1975
=090  \\$aInternet Access$bAEU
=100  1\$aPaustian, Shirley Irene,$eauthor.
=245  14$aThe literature about the depression, 1929-1939 in the Prairie Provinces of Canada /$cby Shirley Irene Paustian.
=264  \1$c[1975]
=264  \4$c©1975
=300  \\$a1 online resource (viii, 408 pages)
=336  \\$atext$btxt$2rdacontent
=337  \\$acomputer$bc$2rdamedia
=338  \\$aonline resource$bcr$2rdacarrier
=500  \\$a"A thesis submitted to the Faculty of Graduate Studies and Research in partial fulfilment of the requirements for the degree of Doctor of Philosophy, Department of English."
=502  \\$bPh. D.$cUniversity of Alberta$d1975.
=504  \\$aIncludes bibliographical references (pages 362-408).
=650  \0$aDepressions in literature.
=650  \0$aDepressions$y1929$zPrairie Provinces.
=710  2\$aUniversity of Alberta.$bDepartment of English.
=900  \\$aNK24109
=949  \\$zUAIN$zETHESIS

