=LDR  01547ntm a22003851i 4500
=001  uab09277741
=003  UAB
=005  20141013131240.0
=006  m|||||o||d||||||||
=007  cr||||||||||||
=008  141013t19751975xx\\\\\\obm\\\000\0ceng\d
=040  \\$aUAB$beng$erda$cUAB
=043  \\$af-nr---
=050  \4$aPR9340.5$b.P48 1975
=090  \\$aInternet Access$bAEU
=100  1\$aPeters, Jonathan,$eauthor.
=245  12$aA dance of masks :$bSenghor, Achebe, Soyinka and African cultural history /$cby Jonathan A. Peters.
=264  \1$c[1975]
=264  \4$c©1975
=300  \\$a1 online resource (viii, 370 pages)
=336  \\$atext$btxt$2rdacontent
=337  \\$acomputer$bc$2rdamedia
=338  \\$aonline resource$bcr$2rdacarrier
=500  \\$a"A thesis submitted to the Faculty of Graduate Studies and Research in partial fulfilment of the requirements for the degree of Doctor of Philosophy, Department of English."
=502  \\$bPh. D.$cUniversity of Alberta$d1975.
=504  \\$aIncludes bibliographical references (pages 343-370).
=650  \0$aAfrican literature (English)$xHistory and criticism.
=650  \0$aAfrican literature (French)$xHistory and criticism.
=650  \0$aMasks in literature.
=600  10$aSenghor, Léopold Sédar,$d1906-2001$xCriticism and interpretation.
=600  10$aAchebe, Chinua$xCriticism and interpretation.
=600  10$aSoyinka, Wole$xCriticism and interpretation.
=651  \0$aNigeria$xIn literature.
=710  2\$aUniversity of Alberta.$bDepartment of English.
=900  \\$aNK24113
=949  \\$zUAIN$zETHESIS

