=LDR  01204ntm a22003131i 4500
=001  uab09277748
=003  UAB
=005  20141013132458.0
=006  m|||||o||d||||||||
=007  cr||||||||||||
=008  141013t19751975xx\\\\\\obm\\\000\0deng\d
=040  \\$aUAB$beng$erda$cUAB
=050  \4$aPS3551.L25$bZ869 1975
=090  \\$aInternet Access$bAEU
=100  1\$aSmith, Rebecca Louise,$eauthor.
=245  10$aDissonance as method in the plays of Edward Albee /$cby Rebecca Louise Smith.
=264  \1$c[1975]
=264  \4$c©1975
=300  \\$a1 online resource (vi, 262 pages)
=336  \\$atext$btxt$2rdacontent
=337  \\$acomputer$bc$2rdamedia
=338  \\$aonline resource$bcr$2rdacarrier
=500  \\$a"A thesis submitted to the Faculty of Graduate Studies and Research in partial fulfilment of the requirements for the degree of Doctor of Philosophy, Department of English."
=502  \\$bPh. D.$cUniversity of Alberta$d1975.
=504  \\$aIncludes bibliographical references (pages 243-262).
=600  10$aAlbee, Edward,$d1928-$xCriticism and interpretation.
=650  \0$aCognitive dissonance in literature.
=710  2\$aUniversity of Alberta.$bDepartment of English.
=900  \\$aNK24133
=949  \\$zUAIN$zETHESIS

