=LDR  01263ntm a22003251i 4500
=001  uab09277808
=003  UAB
=005  20141013145550.0
=006  m|||||o||d||||||||
=007  cr||||||||||||
=008  141013t19751975xx\df\\\obm\\\000\0\eng\d
=040  \\$aUAB$beng$erda$cUAB
=050  \4$aBF319.5.R4$bW45 1975
=090  \\$aInternet Access$bAEU
=100  1\$aWeiden, Theodore D.,$eauthor.
=245  10$aChange in effective reinforcement value as a function of prior conditioning /$cby Theodore D. Weiden.
=264  \1$c[1975]
=264  \4$c©1975
=300  \\$a1 online resource (x, 121 pages) :$billustrations
=336  \\$atext$btxt$2rdacontent
=337  \\$acomputer$bc$2rdamedia
=338  \\$aonline resource$bcr$2rdacarrier
=500  \\$a"A thesis submitted to the Faculty of Graduate Studies and Research in partial fulfilment of the requirements for the degree of Doctor of Philosophy, Department of Psychology."
=502  \\$bPh. D.$cUniversity of Alberta$d1975.
=504  \\$aIncludes bibliographical references (pages 90-93).
=590  \\$aLibrary copy imperfect: faded throughout.
=650  \0$aReinforcement (Psychology)
=650  \0$aConditioned response.
=710  2\$aUniversity of Alberta.$bDepartment of Psychology.
=900  \\$aNK24156
=949  \\$zUAIN$zETHESIS

