=LDR  01269ntm a22003371i 4500
=001  uab09278415
=003  UAB
=005  20141016111910.0
=006  m|||||o||d||||||||
=007  cr||||||||||||
=008  141016t19751975xx\\\\\\obm\\\000\0\eng\d
=040  \\$aUAB$beng$erda$cUAB
=050  \4$aBF723.L64$bA44 1975
=090  \\$aInternet Access$bAEU
=100  1\$aAmend, Dexter Roland,$eauthor.
=245  10$aPropositional logic, conservation and transitivity in six to nine year-olds /$cby Dexter Roland Amend.
=264  \1$c[1975]
=264  \4$c©1975
=300  \\$a1 online resource (viii, 56 pages)
=336  \\$atext$btxt$2rdacontent
=337  \\$acomputer$bc$2rdamedia
=338  \\$aonline resource$bcr$2rdacarrier
=500  \\$a"A thesis submitted to the Faculty of Graduate Studies and Research in partial fulfillment of the requirements for the degree of Doctor of Philosophy, Department of Psychology."
=502  \\$bPh. D.$cUniversity of Alberta$d1975.
=504  \\$aIncludes bibliographical references (pages 46-[48]).
=590  \\$aLibrary copy imperfect: faded throughout.
=650  \0$aLogic.
=650  \0$aProposition (Logic)
=650  \0$aCognition in children.
=710  2\$aUniversity of Alberta.$bDepartment of Psychology.
=900  \\$aNK26695
=949  \\$zUAIN$zETHESIS

