=LDR  01281ntm a22003491i 4500
=001  uab09278446
=003  UAB
=005  20141016124954.0
=006  m|||||o||d||||||||
=007  cr||||||||||||
=008  141016t19751975xx\\\\\\obm\\\000\0dger\d
=040  \\$aUAB$beng$erda$cUAB
=041  0\$ager$beng
=050  \4$aB3279.H49$bB67 1975
=090  \\$aInternet Access$bAEU
=100  1\$aBork, Egon,$eauthor.
=245  10$aHeideggers frage nach der Technik /$cby Egon Bork.
=264  \1$c[1975]
=264  \4$c©1975
=300  \\$a1 online resource (xiii, 271 pages)
=336  \\$atext$btxt$2rdacontent
=337  \\$acomputer$bc$2rdamedia
=338  \\$aonline resource$bcr$2rdacarrier
=500  \\$a"A thesis submitted to the Faculty of Graduate Studies and Research in partial fulfilment of the requirements for the degree of Doctor of Philosophy, Department of Philosophy."
=502  \\$bPh. D.$cUniversity of Alberta$d1975.
=504  \\$aIncludes bibliographical references (pages 260-271).
=546  \\$aIn German; includes abstract in English.
=590  \\$aLibrary copy imperfect: pages 181-227 faded.
=600  10$aHeidegger, Martin,$d1889-1976.
=650  \0$aTechnology$xPhilosophy.
=710  2\$aUniversity of Alberta.$bDepartment of Philosophy.
=900  \\$aNK26713
=949  \\$zUAIN$zETHESIS

