=LDR  01366ntm a22003371i 4500
=001  uab09278450
=003  UAB
=005  20141016125913.0
=006  m|||||o||d||||||||
=007  cr||||||||||||
=008  141016t19751975xx\adf\\obm\\\000\0\eng\d
=040  \\$aUAB$beng$erda$cUAB
=050  \4$aQP606.A43$bB83 1975
=090  \\$aInternet Access$bAEU
=100  1\$aBuckley, Wayne Thomas,$eauthor.
=245  10$aProtein metabolism in rats :$bestimation of total protein turnover and characteristics of in vitro inactivation of tyrosine aminotransferase /$cby Wayne Thomas Buckley.
=264  \1$c[1975]
=264  \4$c©1975
=300  \\$a1 online resource (xv, 184 pages) :$billustrations
=336  \\$atext$btxt$2rdacontent
=337  \\$acomputer$bc$2rdamedia
=338  \\$aonline resource$bcr$2rdacarrier
=500  \\$a"A thesis submitted to the Faculty of Graduate Studies and Research in partial fulfilment of the requirements for the degree of Doctor of Philosophy in Animal Biochemistry, Department of Animal Science."
=502  \\$bPh. D.$cUniversity of Alberta$d1975.
=504  \\$aIncludes bibliographical references (pages 69-74, 169-177).
=650  \0$aProteins$xMetabolism.
=650  \0$aRats$xMetabolism.
=650  \0$aTyrosine.
=650  \0$aAminotransferases.
=710  2\$aUniversity of Alberta.$bDepartment of Animal Science.
=900  \\$aNK26721
=949  \\$zUAIN$zETHESIS

