=LDR  01178ntm a22003131i 4500
=001  uab09278456
=003  UAB
=005  20141016134117.0
=006  m|||||o||d||||||||
=007  cr||||||||||||
=008  141016t19751976xx\\\\\\obm\\\000\0\eng\d
=040  \\$aUAB$beng$erda$cUAB
=050  \4$aB105.P54$bD36 1975
=090  \\$aInternet Access$bAEU
=100  1\$aDanielson, Karen F.,$eauthor.
=245  10$aInquiries into "play" :$ba definitional effort /$cby Karen F. Danielson.
=264  \1$c[1975]
=264  \4$c©1976
=300  \\$a1 online resource (xi, 171 pages)
=336  \\$atext$btxt$2rdacontent
=337  \\$acomputer$bc$2rdamedia
=338  \\$aonline resource$bcr$2rdacarrier
=500  \\$a"A thesis submitted to the Faculty of Graduate Studies and Research in partial fulfilment of the requirements for the degree of Doctor of Philosophy, Department of Physical Education."
=502  \\$bPh. D.$cUniversity of Alberta$d1975.
=504  \\$aIncludes bibliographical references (pages 168-171).
=650  \0$aPlay (Philosophy)
=650  \0$aPhysical education and training.
=710  2\$aUniversity of Alberta.$bDepartment of Physical Education.
=900  \\$aNK26740
=949  \\$zUAIN$zETHESIS

