=LDR  01124ntm a22003131i 4500
=001  uab09278459
=003  UAB
=005  20141016135411.0
=006  m|||||o||d||||||||
=007  cr||||||||||||
=008  141016t19751975xx\af\\\obm\\\000\0\eng\d
=040  \\$aUAB$beng$erda$cUAB
=050  \4$aHM1171$b.G55 1975
=090  \\$aInternet Access$bAEU
=100  1\$aGillis, A. R.,$eauthor.
=245  10$aDensity and crowding /$cby A.R. Gillis.
=264  \1$c[1975]
=264  \4$c©1975
=300  \\$a1 online resource (xiv, 203 pages) :$billustrations
=336  \\$atext$btxt$2rdacontent
=337  \\$acomputer$bc$2rdamedia
=338  \\$aonline resource$bcr$2rdacarrier
=500  \\$a"A thesis submitted to the Faculty of Graduate Studies and Research in partial fulfilment of the requirements for the degree of Doctor of Philosophy, Department of Sociology."
=502  \\$bPh. D.$cUniversity of Alberta$d1975.
=504  \\$aIncludes bibliographical references (pages 165-177).
=650  \0$aCrowding stress.
=650  \0$aPopulation density.
=710  2\$aUniversity of Alberta.$bDepartment of Sociology.
=900  \\$aNK26761
=949  \\$zUAIN$zETHESIS

