=LDR  01205ntm a22003131i 4500
=001  uab09278463
=003  UAB
=005  20141016140505.0
=006  m|||||o||d||||||||
=007  cr||||||||||||
=008  141016t19751975xx\df\\\obm\\\000\0\eng\d
=040  \\$aUAB$beng$erda$cUAB
=050  \4$aQL696.A52$bH35 1975
=090  \\$aInternet Access$bAEU
=100  1\$aHair, Jay Dee,$eauthor.
=245  14$aThe structure of the intestinal helminth communities of lesser scaup Aythya affinis /$cby Jay Dee Hair.
=264  \1$c[1975]
=264  \4$c©1975
=300  \\$a1 online resource (x, 91 pages, 1 unnumbered page) :$billustrations
=336  \\$atext$btxt$2rdacontent
=337  \\$acomputer$bc$2rdamedia
=338  \\$aonline resource$bcr$2rdacarrier
=500  \\$a"A thesis submitted to the Faculty of Graduate Studies and Research in partial fulfilment of the requirements for the degree of Doctor of Philosophy, Department of Zoology."
=502  \\$bPh. D.$cUniversity of Alberta$d1975.
=504  \\$aIncludes bibliographical references (pages [82]-87).
=650  \0$aLesser scaup$xParasites.
=650  \0$aHelminthiasis.
=710  2\$aUniversity of Alberta.$bDepartment of Zoology.
=900  \\$aNK26768
=949  \\$zUAIN$zETHESIS

