=LDR  01275ntm a22003131i 4500
=001  uab09278496
=003  UAB
=005  20141016164601.0
=006  m|||||o||d||||||||
=007  cr||||||||||||
=008  141016t19751975xx\adf\\obm\\\000\0\eng\d
=040  \\$aUAB$beng$erda$cUAB
=050  \4$aQL505.7.B485$bW66 1975
=090  \\$aInternet Access$bAEU
=100  1\$aWong, Robert King Suen,$eauthor.
=245  13$aAn electrophysiological study of the trochanteral hair plate in the cockroach Periplaneta americana /$cby Robert King Suen Wong.
=264  \1$c[1975]
=264  \4$c©1975
=300  \\$a1 online resource (ix pages, 1 unnumbered page, 129 pages) :$billustrations
=336  \\$atext$btxt$2rdacontent
=337  \\$acomputer$bc$2rdamedia
=338  \\$aonline resource$bcr$2rdacarrier
=500  \\$a"A thesis submitted to the Faculty of Graduate Studies and Research in partial fulfilment of the requirements for the degree of Doctor of Philosophy, Department of Physiology."
=502  \\$bPh. D.$cUniversity of Alberta$d1975.
=504  \\$aIncludes bibliographical references (pages 120-129).
=650  \0$aAmerican cockroach$xPhysiology.
=650  \0$aHair$xElectric properties.
=710  2\$aUniversity of Alberta.$bDepartment of Physiology.
=900  \\$aNK26958
=949  \\$zUAIN$zETHESIS

