=LDR  01145ntm a22003131i 4500
=001  uab09278498
=003  UAB
=005  20141016165236.0
=006  m|||||o||d||||||||
=007  cr||||||||||||
=008  141016t19751975xx\adf\\obm\\\000\0\eng\d
=040  \\$aUAB$beng$erda$cUAB
=050  \4$aQR410$b.Z56 1975
=090  \\$aInternet Access$bAEU
=100  1\$aZiola, Barry R.,$eauthor.
=245  10$aStructural components of the mengo virion /$cby Barry R. Ziola.
=264  \1$c[1975]
=264  \4$c©1975
=300  \\$a1 online resource (xv, 108 pages) :$billustrations
=336  \\$atext$btxt$2rdacontent
=337  \\$acomputer$bc$2rdamedia
=338  \\$aonline resource$bcr$2rdacarrier
=500  \\$a"A thesis submitted to the Faculty of Graduate Studies and Research in partial fulfilment of the requirements for the degree of Doctor of Philosophy, Department of Biochemistry."
=502  \\$bPh. D.$cUniversity of Alberta$d1975.
=504  \\$aIncludes bibliographical references (pages 92-98).
=650  \0$aPicornaviruses.
=650  \0$aPolypeptides.
=710  2\$aUniversity of Alberta.$bDepartment of Biochemistry.
=900  \\$aNK26961
=949  \\$zUAIN$zETHESIS

