=LDR  01135ntm a22003011i 4500
=001  uab09278503
=003  UAB
=005  20141016173934.0
=006  m|||||o||d||||||||
=007  cr||||||||||||
=008  141016t19761976xx\adf\\obm\\\000\0\eng\d
=040  \\$aUAB$beng$erda$cUAB
=050  \4$aRM666.M25$bB38 1976
=090  \\$aInternet Access$bAEU
=100  1\$aBates, Gordon Steven,$eauthor.
=245  14$aThe total synthesis of methymycin /$cby Gordon Steven Bates.
=264  \1$c[1976]
=264  \4$c©1976
=300  \\$a1 online resource (xii, 278 pages) :$billustrations
=336  \\$atext$btxt$2rdacontent
=337  \\$acomputer$bc$2rdamedia
=338  \\$aonline resource$bcr$2rdacarrier
=500  \\$a"A thesis submitted to the Faculty of Graduate Studies and Research in partial fulfilment of the requirements for the degree of Doctor of Philosophy, Department of Chemistry."
=502  \\$bPh. D.$cUniversity of Alberta$d1976.
=504  \\$aIncludes bibliographical references (pages 273-278).
=650  \0$aMacrolide antibiotics$xSynthesis.
=710  2\$aUniversity of Alberta.$bDepartment of Chemistry.
=900  \\$aNK27607
=949  \\$zUAIN$zETHESIS

