=LDR  01197ntm a22003131i 4500
=001  uab09278573
=003  UAB
=005  20141017104429.0
=006  m|||||o||d||||||||
=007  cr||||||||||||
=008  141017t19761976xx\adf\\obm\\\000\0\eng\d
=040  \\$aUAB$beng$erda$cUAB
=050  \4$aRC271.M53$bB44 1976
=090  \\$aInternet Access$bAEU
=100  1\$aBegleiter, Asher,$eauthor.
=245  10$aStudies related to the antitumor antibiotic mitomycin C and analogs /$cby Asher Begleiter.
=264  \1$c[1976]
=264  \4$c©1976
=300  \\$a1 online resource (xv, 219 pages) :$billustrations
=336  \\$atext$btxt$2rdacontent
=337  \\$acomputer$bc$2rdamedia
=338  \\$aonline resource$bcr$2rdacarrier
=500  \\$a"A thesis submitted to the Faculty of Graduate Studies and Research in partial fulfilment of the requirements for the degree of Doctor of Philosophy, Department of Chemistry."
=502  \\$bPh. D.$cUniversity of Alberta$d1976.
=504  \\$aIncludes bibliographical references (pages 211-219).
=590  \\$aLibrary copy imperfect: faded throughout.
=650  \0$aMitomycin C.
=710  2\$aUniversity of Alberta.$bDepartment of Chemistry.
=900  \\$aNK27611
=949  \\$zUAIN$zETHESIS

