=LDR  01381ntm a22003491i 4500
=001  uab09278574
=003  UAB
=005  20141017104632.0
=006  m|||||o||d||||||||
=007  cr||||||||||||
=008  141017t19761976xx\af\\\obm\\\000\0\eng\d
=040  \\$aUAB$beng$erda$cUAB
=050  \4$aQD305.A6$bB46 1976
=090  \\$aInternet Access$bAEU
=100  1\$aBenderly, Abraham,$eauthor.
=245  10$aI, Preparation and reaction of terminal enol borinates ;$bII, A new approach to octalone synthesis /$cby Abraham Benderly.
=264  \1$c[1976]
=264  \4$c©1976
=300  \\$a1 online resource (viii, 133 pages) :$billustrations
=336  \\$atext$btxt$2rdacontent
=337  \\$acomputer$bc$2rdamedia
=338  \\$aonline resource$bcr$2rdacarrier
=500  \\$a"A thesis submitted to the Faculty of Graduate Studies and Research in partial fulfilment of the requirements for the degree of Doctor of Philosophy, Department of Chemistry."
=502  \\$bPh. D.$cUniversity of Alberta$d1976.
=504  \\$aIncludes bibliographical references (pages 127-133).
=650  \0$aEnols.
=650  \0$aBoron.
=650  \0$aBiosynthesis.
=700  12$aBenderly, Abraham.$tPreparation and reaction of terminal enol borinates.
=700  12$aBenderly, Abraham.$tNew approach to octalone synthesis.
=710  2\$aUniversity of Alberta.$bDepartment of Chemistry.
=900  \\$aNK27613
=949  \\$zUAIN$zETHESIS

