=LDR  01296ntm a22003251i 4500
=001  uab09278587
=003  UAB
=005  20141017111143.0
=006  m|||||o||d||||||||
=007  cr||||||||||||
=008  141017t19761976xx\df\\\obm\\\000\0\eng\d
=040  \\$aUAB$beng$erda$cUAB
=050  \4$aLB1059$b.L35 1976
=090  \\$aInternet Access$bAEU
=100  1\$aLai, William Louis,$eauthor.
=245  14$aThe effects of discrimination acquisition with and without errors on reversal and nonreversal shifts in preschool and second-grade children /$cby William Louis Lai.
=264  \1$c[1976]
=264  \4$c©1976
=300  \\$a1 online resource (xiv, 146 pages) :$billustrations
=336  \\$atext$btxt$2rdacontent
=337  \\$acomputer$bc$2rdamedia
=338  \\$aonline resource$bcr$2rdacarrier
=500  \\$a"A thesis submitted to the Faculty of Graduate Studies and Research in partial fulfilment of the requirements for the degree of Doctor of Philosophy, Department of Psychology."
=502  \\$bPh. D.$cUniversity of Alberta$d1976.
=504  \\$aIncludes bibliographical references (pages 98-104).
=650  \0$aDiscrimination learning.
=650  \0$aPreschool children.
=650  \0$aSchool children.
=710  2\$aUniversity of Alberta.$bDepartment of Psychology.
=900  \\$aNK27679
=949  \\$zUAIN$zETHESIS

