=LDR  01203ntm a22003131i 4500
=001  uab09278600
=003  UAB
=005  20141017113654.0
=006  m|||||o||d||||||||
=007  cr||||||||||||
=008  141017t19761976xx\\\\\\obm\\\000\0\eng\d
=040  \\$aUAB$beng$erda$cUAB
=050  \4$aQA387$b.T39 1976
=090  \\$aInternet Access$bAEU
=100  1\$aTaylor, Keith F.,$d1950-$eauthor.
=245  14$aThe structure of the regular representation of a locally compact group /$cby Keith F. Taylor.
=264  \1$c[1976]
=264  \4$c©1976
=300  \\$a1 online resource (vii, 59 pages)
=336  \\$atext$btxt$2rdacontent
=337  \\$acomputer$bc$2rdamedia
=338  \\$aonline resource$bcr$2rdacarrier
=500  \\$a"A thesis submitted to the Faculty of Graduate Studies and Research in partial fulfillment of the requirements for the degree of Doctor of Philosophy in Mathematics, Department of Mathematics."
=502  \\$bPh. D.$cUniversity of Alberta$d1976.
=504  \\$aIncludes bibliographical references (pages [57]-59).
=650  \0$aLocally compact groups.
=650  \0$aRepresentations of groups.
=710  2\$aUniversity of Alberta.$bDepartment of Mathematics.
=900  \\$aNK27745
=949  \\$zUAIN$zETHESIS

