=LDR  01255ntm a22003251i 4500
=001  uab09278613
=003  UAB
=005  20141017120234.0
=006  m|||||o||d||||||||
=007  cr||||||||||||
=008  141017t19761976xx\bdf\\obm\\\000\0\eng\d
=040  \\$aUAB$beng$erda$cUAB
=043  \\$an-gl---
=050  \4$aHC110.5$b.O87 1976
=090  \\$aInternet Access$bAEU
=100  1\$aOsrunn, Peter Gudmundur,$eauthor.
=245  10$aRegional development in the north :$bthe Greenland example /$cby Peter Gudmundur Osrunn.
=264  \1$c[1976]
=264  \4$c©1976
=300  \\$a1 online resource (xviii, 249 pages) :$billustrations, maps
=336  \\$atext$btxt$2rdacontent
=337  \\$acomputer$bc$2rdamedia
=338  \\$aonline resource$bcr$2rdacarrier
=500  \\$a"A thesis submitted to the Faculty of Graduate Studies and Research in partial fulfilment of the requirements for the degree of Doctor of Philosophy in Geography, Department of Geography."
=502  \\$bPh. D.$cUniversity of Alberta$d1976.
=504  \\$aIncludes bibliographical references (pages 210-219).
=650  \0$aEconomic development$zGreenland.
=650  \0$aRegional planning$zGreenland.
=710  2\$aUniversity of Alberta.$bDepartment of Geography.
=900  \\$aNK29501
=949  \\$zUAIN$zETHESIS

