=LDR  01175ntm a22003131i 4500
=001  uab09278614
=003  UAB
=005  20141017120550.0
=006  m|||||o||d||||||||
=007  cr||||||||||||
=008  141017t19761976xx\adf\\obm\\\000\0\eng\d
=040  \\$aUAB$beng$erda$cUAB
=050  \4$aTN690$b.A43 1976
=090  \\$aInternet Access$bAEU
=100  1\$aAmano, Jun,$eauthor.
=245  10$aLow energy ion beam deposition of metallic thin films /$cby Jun Amano.
=264  \1$c[1976]
=264  \4$c©1976
=300  \\$a1 online resource (xiii, 169 pages) :$billustrations
=336  \\$atext$btxt$2rdacontent
=337  \\$acomputer$bc$2rdamedia
=338  \\$aonline resource$bcr$2rdacarrier
=500  \\$a"A thesis submitted to the Faculty of Graduate Studies and Research in partial fulfillment of the requirements for the degree of Doctor of Philosophy, Department of Electrical Engineering."
=502  \\$bPh. D.$cUniversity of Alberta$d1976.
=504  \\$aIncludes bibliographical references (pages 131-142).
=650  \0$aMetallic films.
=650  \0$aIon bombardment.
=710  2\$aUniversity of Alberta.$bDepartment of Electrical Engineering.
=900  \\$aNK30602
=949  \\$zUAIN$zETHESIS

