=LDR  01240ntm a22003251i 4500
=001  uab09278615
=003  UAB
=005  20141017120812.0
=006  m|||||o||d||||||||
=007  cr||||||||||||
=008  141017t19761976xx\abdf\obm\\\000\0\eng\d
=040  \\$aUAB$beng$erda$cUAB
=050  \4$aQE538.5$b.B38 1976
=090  \\$aInternet Access$bAEU
=100  1\$aBates, Allan Clifford,$eauthor.
=245  10$aSlowness-azimuth measurements and P wave velocity distributions /$cby Allan Clifford Bates.
=264  \1$c[1976]
=264  \4$c©1976
=300  \\$a1 online resource (xiii, 207 pages) :$billustrations, maps
=336  \\$atext$btxt$2rdacontent
=337  \\$acomputer$bc$2rdamedia
=338  \\$aonline resource$bcr$2rdacarrier
=500  \\$a"A thesis submitted to the Faculty of Graduate Studies and Research in partial fulfillment of the requirements for the degree of Doctor of Philosophy, Department of Physics."
=502  \\$bPh. D.$cUniversity of Alberta$d1976.
=504  \\$aIncludes bibliographical references (pages 173-184).
=650  \0$aSeismic waves.
=650  \0$aSeismic waves$xSpeed$xMeasurement.
=650  \0$aAzimuth$xMeasurement.
=710  2\$aUniversity of Alberta.$bDepartment of Physics.
=900  \\$aNK30610
=949  \\$zUAIN$zETHESIS

