=LDR  01409ntm a22003251i 4500
=001  uab09278617
=003  UAB
=005  20141017121004.0
=006  m|||||o||d||||||||
=007  cr||||||||||||
=008  141017t19761976xx\bdf\\obm\\\000\0\eng\d
=040  \\$aUAB$beng$erda$cUAB
=050  \4$aHD5716.P4$bB38 1976
=090  \\$aInternet Access$bAEU
=100  1\$aBaureiss, Gunter,$eauthor.
=245  14$aThe theory of evaluative orientation and the socio-technical system :$ba study of workers' responses in an industrial training program /$cby Gunter Baureiss.
=264  \1$c[1976]
=264  \4$c©1976
=300  \\$a1 online resource (xvi, 247 pages) :$billustrations, maps
=336  \\$atext$btxt$2rdacontent
=337  \\$acomputer$bc$2rdamedia
=338  \\$aonline resource$bcr$2rdacarrier
=500  \\$a"A thesis submitted to the Faculty of Graduate Studies and Research in partial fulfilment of the requirements for the degree of Doctor of Philosophy, Department of Sociology."
=502  \\$bPh. D.$cUniversity of Alberta$d1976.
=504  \\$aIncludes bibliographical references (pages 220-223).
=590  \\$aLibrary copy imperfect: pages 52-179 faded; page 107 wanting.
=650  \0$aPetroleum industry and trade$xEmployees$xTraining of$xSocial aspects.
=650  \0$aEvaluation research (Social action programs)
=710  2\$aUniversity of Alberta.$bDepartment of Sociology.
=900  \\$aNK30612
=949  \\$zUAIN$zETHESIS

