=LDR  01244ntm a22003251i 4500
=001  uab09278622
=003  UAB
=005  20141017122611.0
=006  m|||||o||d||||||||
=007  cr||||||||||||
=008  141017t19761976xx\adf\\obm\\\000\0\eng\d
=040  \\$aUAB$beng$erda$cUAB
=050  \4$aQR412$b.B65 1976
=090  \\$aInternet Access$bAEU
=100  1\$aBoisvert, Jacques,$eauthor.
=245  10$aVaccinia virus structure and composition /$cby Jacques Boisvert.
=264  \1$c[1976]
=264  \4$c©1976
=300  \\$a1 online resource (xvii, 1-55, 55a, 56-201 pages) :$billustrations
=336  \\$atext$btxt$2rdacontent
=337  \\$acomputer$bc$2rdamedia
=338  \\$aonline resource$bcr$2rdacarrier
=500  \\$a"A thesis submitted to the Faculty of Graduate Studies and Research in partial fulfilment of the requirements for the degree of Doctor of Philosophy, Department Microbiology."
=502  \\$bPh. D.$cUniversity of Alberta$d1976.
=504  \\$aIncludes bibliographical references (pages 191-201).
=590  \\$aLibrary copy imperfect: pages 75-78 scanned twice.
=650  \0$aVaccinia$xStructure.
=650  \0$aVaccinia$xComposition.
=710  2\$aUniversity of Alberta.$bDepartment of Microbiology.
=900  \\$aNK30621
=949  \\$zUAIN$zETHESIS

