=LDR  01173ntm a22003251i 4500
=001  uab09278625
=003  UAB
=005  20141017123819.0
=006  m|||||o||d||||||||
=007  cr||||||||||||
=008  141017t19761976xx\adf\\obm\\\000\0\eng\d
=040  \\$aUAB$beng$erda$cUAB
=050  \4$aTP245.C8$bC44 1976
=090  \\$aInternet Access$bAEU
=100  1\$aChee, Kim Toon,$eauthor.
=245  10$aSingle and double injection cuprous oxide diodes /$cby Chee, Kim Toon.
=264  \1$c[1976]
=264  \4$c©1976
=300  \\$a1 online resource (xi, 143 pages) :$billustrations
=336  \\$atext$btxt$2rdacontent
=337  \\$acomputer$bc$2rdamedia
=338  \\$aonline resource$bcr$2rdacarrier
=500  \\$a"A thesis submitted to the Faculty of Graduate Studies and Research in partial fulfilment of the requirements for the degree of Doctor of Philosophy, Department of Physics."
=502  \\$bPh. D.$cUniversity of Alberta$d1976.
=504  \\$aIncludes bibliographical references (pages 131-133).
=650  \0$aCuprous oxide.
=650  \0$aDiodes.
=650  \0$aCrystal detectors.
=710  2\$aUniversity of Alberta.$bDepartment of Physics.
=900  \\$aNK30641
=949  \\$zUAIN$zETHESIS

