=LDR  01191ntm a22003251i 4500
=001  uab09278635
=003  UAB
=005  20141017130920.0
=006  m|||||o||d||||||||
=007  cr||||||||||||
=008  141017t19761976xx\\\\\\obm\\\000\0\eng\d
=040  \\$aUAB$beng$erda$cUAB
=050  \4$aBF575.A3$bD93 1976
=090  \\$aInternet Access$bAEU
=100  1\$aDyck, Ronald James,$eauthor.
=245  10$aAttribution of causality and the expression of aggression /$cby Ronald James Dyck.
=264  \1$c[1976]
=264  \4$c©1976
=300  \\$a1 online resource (x, 89 pages)
=336  \\$atext$btxt$2rdacontent
=337  \\$acomputer$bc$2rdamedia
=338  \\$aonline resource$bcr$2rdacarrier
=500  \\$a"A thesis submitted to the Faculty of Graduate Studies and Research in partial fulfilment of the requirements for the degree of Doctor of Philosophy, Department of Psychology."
=502  \\$bPh. D.$cUniversity of Alberta$d1976.
=504  \\$aIncludes bibliographical references (pages 58-62).
=650  \0$aAggressiveness.
=650  \0$aCausation.
=650  \0$aAttribution (Social psychology)
=710  2\$aUniversity of Alberta.$bDepartment of Psychology.
=900  \\$aNK30671
=949  \\$zUAIN$zETHESIS

