=LDR  01250ntm a22003251i 4500
=001  uab09278636
=003  UAB
=005  20141017131038.0
=006  m|||||o||d||||||||
=007  cr||||||||||||
=008  141017t19761976xx\df\\\obm\\\000\0\eng\d
=040  \\$aUAB$beng$erda$cUAB
=050  \4$aRC514$b.F43 1976
=090  \\$aInternet Access$bAEU
=100  1\$aFedora, Orestes,$eauthor.
=245  10$aEffects of tasks of varying complexity on electrodermal and heart rate measures in schizophrenics /$cby Orestes Fedora.
=264  \1$c[1976]
=264  \4$c©1976
=300  \\$a1 online resource (xiv, 158 pages) :$billustrations
=336  \\$atext$btxt$2rdacontent
=337  \\$acomputer$bc$2rdamedia
=338  \\$aonline resource$bcr$2rdacarrier
=500  \\$a"A thesis submitted to the Faculty of Graduate Studies and Research in partial fulfilment of the requirements for the degree of Doctor of Philosophy, Department of Psychology."
=502  \\$bPh. D.$cUniversity of Alberta$d1976.
=504  \\$aIncludes bibliographical references (pages 102-114).
=650  \0$aSchizophrenics$xPsychology.
=650  \0$aGalvanic skin response.
=650  \0$aHeart beat.
=710  2\$aUniversity of Alberta.$bDepartment of Psychology.
=900  \\$aNK30674
=949  \\$zUAIN$zETHESIS

