=LDR  01228ntm a22003371i 4500
=001  uab09278637
=003  UAB
=005  20141017131212.0
=006  m|||||o||d||||||||
=007  cr||||||||||||
=008  141017t19761976xx\df\\\obm\\\000\0\eng\d
=040  \\$aUAB$beng$erda$cUAB
=050  \4$aQR185.8.L9$bF74 1976
=090  \\$aInternet Access$bAEU
=100  1\$aFredericksen, Tommy Lee,$eauthor.
=245  10$aChicken lymphocyte antigens /$cby Tommy Lee Fredericksen.
=264  \1$c[1976]
=264  \4$c©1976
=300  \\$a1 online resource (x, 123 pages) :$billustrations
=336  \\$atext$btxt$2rdacontent
=337  \\$acomputer$bc$2rdamedia
=338  \\$aonline resource$bcr$2rdacarrier
=500  \\$a"A thesis submitted to the Faculty of Graduate Studies and Research in partial fulfilment of the requirements for the degree of Doctor of Philosophy, Department of Zoology."
=502  \\$bPh. D.$cUniversity of Alberta$d1976.
=504  \\$aIncludes bibliographical references (pages 114-123).
=590  \\$aLibrary copy imperfect: page 45 faded.
=650  \0$aLymphocytes.
=650  \0$aAntigens.
=650  \0$aChickens$xImmunology.
=710  2\$aUniversity of Alberta.$bDepartment of Zoology.
=900  \\$aNK30680
=949  \\$zUAIN$zETHESIS

