=LDR  01264ntm a22003371i 4500
=001  uab09278642
=003  UAB
=005  20141017132635.0
=006  m|||||o||d||||||||
=007  cr||||||||||||
=008  141017t19761976xx\adf\\obm\\\000\0\eng\d
=040  \\$aUAB$beng$erda$cUAB
=050  \4$aS652.3$b.G68 1976
=090  \\$aInternet Access$bAEU
=100  1\$aGould, William Douglas,$eauthor.
=245  10$aInhibition of urease by heterocyclic mercaptans /$cby William Douglas Gould.
=264  \1$c[1976]
=264  \4$c©1976
=300  \\$a1 online resource (xvi, 135 pages) :$billustrations
=336  \\$atext$btxt$2rdacontent
=337  \\$acomputer$bc$2rdamedia
=338  \\$aonline resource$bcr$2rdacarrier
=500  \\$a"A thesis submitted to the Faculty of Graduate Studies and Research in partial fulfilment of the requirements for the degree of Doctor of Philosophy in Soil Microbiology, Department of Soil Science."
=502  \\$bPh. D.$cUniversity of Alberta$d1976.
=504  \\$aIncludes bibliographical references (pages 104-123).
=650  \0$aUrease$xInhibitors.
=650  \0$aThiols.
=650  \0$aHeterocyclic compounds.
=650  \0$aUrea as fertilizer.
=710  2\$aUniversity of Alberta.$bDepartment of Soil Science.
=900  \\$aNK30690
=949  \\$zUAIN$zETHESIS

