=LDR  01195ntm a22003251i 4500
=001  uab09278716
=003  UAB
=005  20141017181350.0
=006  m|||||o||d||||||||
=007  cr||||||||||||
=008  141017t19761976xx\adf\\obm\\\000\0\eng\d
=040  \\$aUAB$beng$erda$cUAB
=050  \4$aQP624$b.J64 1976
=090  \\$aInternet Access$bAEU
=100  1\$aJohnson, Douglas A.,$eauthor.
=245  10$aPhysical and chemical studies on pyrimidine-purine DNA /$cby Douglas A. Johnson.
=264  \1$c[1976]
=264  \4$c©1976
=300  \\$a1 online resource (1 volume (various pagings)) :$billustrations
=336  \\$atext$btxt$2rdacontent
=337  \\$acomputer$bc$2rdamedia
=338  \\$aonline resource$bcr$2rdacarrier
=500  \\$a"A thesis submitted to the Faculty of Graduate Studies and Research in partial fulfillment of the requirements for the degree of Doctor of Philosophy, Department of Biochemistry."
=502  \\$bPh. D.$cUniversity of Alberta$d1976.
=504  \\$aIncludes bibliographical references (pages 134-140).
=650  \0$aDNA.
=650  \0$aPyrimidines.
=650  \0$aPurines.
=710  2\$aUniversity of Alberta.$bDepartment of Biochemistry.
=900  \\$aNK30720
=949  \\$zUAIN$zETHESIS

