=LDR  01258ntm a22003251i 4500
=001  uab09278719
=003  UAB
=005  20141017182001.0
=006  m|||||o||d||||||||
=007  cr||||||||||||
=008  141017t19761976xx\df\\\obm\\\000\0\eng\d
=040  \\$aUAB$beng$erda$cUAB
=050  \4$aRA785$b.L39 1976
=090  \\$aInternet Access$bAEU
=100  1\$aLaye, Ronald Curtis,$eauthor.
=245  10$aAlpha EEG enhancement :$bdiscrimination learning, response persistence training and the effects of delayed feedback /$cby Ronald Curtis Laye.
=264  \1$c[1976]
=264  \4$c©1976
=300  \\$a1 online resource (xiv, 92 pages) :$billustrations
=336  \\$atext$btxt$2rdacontent
=337  \\$acomputer$bc$2rdamedia
=338  \\$aonline resource$bcr$2rdacarrier
=500  \\$a"A thesis submitted to the Faculty of Graduate Studies and Research in partial fulfilment of the requirements for the degree of Doctor of Philosophy in Department of Psychology."
=502  \\$bPh. D.$cUniversity of Alberta$d1976.
=504  \\$aIncludes bibliographical references (pages [82]-87).
=650  \0$aStress management.
=650  \0$aRelaxation.
=650  \0$aAlpha rhythm.
=710  2\$aUniversity of Alberta.$bDepartment of Psychology.
=900  \\$aNK30735
=949  \\$zUAIN$zETHESIS

