=LDR  01236ntm a22003251i 4500
=001  uab09278721
=003  UAB
=005  20141017182152.0
=006  m|||||o||d||||||||
=007  cr||||||||||||
=008  141017t19761976xx\\\\\\obm\\\000\0\eng\d
=040  \\$aUAB$beng$erda$cUAB
=050  \4$aQA76.58$b.L44 1976
=090  \\$aInternet Access$bAEU
=100  1\$aLee, Robert Kai-Shuan,$eauthor.
=245  10$aOptimal parallel computations for SIMD computers /$cby Robert Kai-Shuan Lee.
=264  \1$c[1976]
=264  \4$c©1976
=300  \\$a1 online resource (x, 92 pages)
=336  \\$atext$btxt$2rdacontent
=337  \\$acomputer$bc$2rdamedia
=338  \\$aonline resource$bcr$2rdacarrier
=500  \\$a"A thesis submitted to the Faculty of Graduate Studies and Research in partial fulfilment of the requirements for the degree of Doctor of Philosophy, Department of Computing Science."
=502  \\$bPh. D.$cUniversity of Alberta$d1976.
=504  \\$aIncludes bibliographical references (pages 88-92).
=650  \0$aParallel processing (Electronic computers)
=650  \0$aComputer algorithms.
=650  \0$aSIMD (Computer architecture)
=710  2\$aUniversity of Alberta.$bDepartment of Computing Science.
=900  \\$aNK30738
=949  \\$zUAIN$zETHESIS

