=LDR  01232ntm a22003251i 4500
=001  uab09278725
=003  UAB
=005  20141017182708.0
=006  m|||||o||d||||||||
=007  cr||||||||||||
=008  141017t19761976xx\adf\\obm\\\000\0\eng\d
=040  \\$aUAB$beng$erda$cUAB
=050  \4$aSB952.D2$bM33 1976
=090  \\$aInternet Access$bAEU
=100  1\$aMcBlain, William Allan,$eauthor.
=245  14$aThe resolution and estrogenic effects of the enantiomers of o,p'-DDT /$cby William Allan McBlain.
=264  \1$c[1976]
=264  \4$c©1976
=300  \\$a1 online resource (xvii, 191 pages) :$billustrations
=336  \\$atext$btxt$2rdacontent
=337  \\$acomputer$bc$2rdamedia
=338  \\$aonline resource$bcr$2rdacarrier
=500  \\$a"A thesis submitted to the Faculty of Graduate Studies and Research in partial fulfilment of the requirements for the degree of Doctor of Philosophy, Department of Zoology."
=502  \\$bPh. D.$cUniversity of Alberta$d1976.
=504  \\$aIncludes bibliographical references (pages 129-145).
=650  \0$aDDT (Insecticide)$xPhysiological effect.
=650  \0$aEnantiomers.
=650  \0$aEstrogen.
=710  2\$aUniversity of Alberta.$bDepartment of Zoology.
=900  \\$aNK30750
=949  \\$zUAIN$zETHESIS

