=LDR  01221ntm a22003131i 4500
=001  uab09278726
=003  UAB
=005  20141017182911.0
=006  m|||||o||d||||||||
=007  cr||||||||||||
=008  141017t19761976xx\\\\\\obm\\\000\0deng\d
=040  \\$aUAB$beng$erda$cUAB
=050  \4$aPR4717$b.M33 1976
=090  \\$aInternet Access$bAEU
=100  1\$aMacGillivray, Sidney Richard,$eauthor.
=245  14$aThe novels of George Gissing :$bphases of a developing artistry /$cby Sidney Richard MacGillivray.
=264  \1$c[1976]
=264  \4$c©1976
=300  \\$a1 online resource (viii, 294 pages)
=336  \\$atext$btxt$2rdacontent
=337  \\$acomputer$bc$2rdamedia
=338  \\$aonline resource$bcr$2rdacarrier
=500  \\$a"A thesis submitted to the Faculty of Graduate Studies and Research in partial fulfillment of the requirements for the degree of Doctor of Philosophy, Department of English."
=502  \\$bPh. D.$cUniversity of Alberta$d1976.
=504  \\$aIncludes bibliographical references (pages 287-294).
=600  10$aGissing, George,$d1857-1903$xCriticism and interpretation.
=650  \0$aArt and literature.
=710  2\$aUniversity of Alberta.$bDepartment of English.
=900  \\$aNK30755
=949  \\$zUAIN$zETHESIS

