=LDR  01348ntm a22003371i 4500
=001  uab09278727
=003  UAB
=005  20141017183122.0
=006  m|||||o||d||||||||
=007  cr||||||||||||
=008  141017t19761976xx\af\\\obm\\\000\0\eng\d
=040  \\$aUAB$beng$erda$cUAB
=050  \4$aSF396.5$b.M35 1976
=090  \\$aInternet Access$bAEU
=100  1\$aMcKinnon, Philip John,$eauthor.
=245  10$aAssessment of the nutritive value of low glucosinolate, low erucic acid rapeseed meal as a source of protein for pigs and rats /$cby Philip John McKinnon.
=264  \1$c[1976]
=264  \4$c©1976
=300  \\$a1 online resource (xiv, 173 pages) :$billustrations
=336  \\$atext$btxt$2rdacontent
=337  \\$acomputer$bc$2rdamedia
=338  \\$aonline resource$bcr$2rdacarrier
=500  \\$a"A thesis submitted to the Faculty of Graduate Studies and Research in partial fulfilment of the requirements for the degree of Doctor of Philosophy in Animal Nutrition, Department of Animal Science."
=502  \\$bPh. D.$cUniversity of Alberta$d1976.
=504  \\$aIncludes bibliographical references (pages 158-173).
=650  \0$aSwine$xFeeding and feeds.
=650  \0$aRats$xFeeding and feeds.
=650  \0$aRapeseed.
=650  \0$aMeal as feed.
=710  2\$aUniversity of Alberta.$bDepartment of Animal Science.
=900  \\$aNK30756
=949  \\$zUAIN$zETHESIS

