=LDR  01282ntm a22003611i 4500
=001  uab09278732
=003  UAB
=005  20141017184344.0
=006  m|||||o||d||||||||
=007  cr||||||||||||
=008  141017t19761976xx\adf\\obm\\\000\0\eng\d
=040  \\$aUAB$beng$erda$cUAB
=050  \4$aQD181.S1$bR66 1976
=090  \\$aInternet Access$bAEU
=100  1\$aRoodselaar, Albert Van,$eauthor.
=245  10$aRate constants for the reactions of S(³P) atoms /$cby Albert Van Roodselaar.
=264  \1$c[1976]
=264  \4$c©1976
=300  \\$a1 online resource (xxvi, 1-120, 120a, 121-243 pages) :$billustrations
=336  \\$atext$btxt$2rdacontent
=337  \\$acomputer$bc$2rdamedia
=338  \\$aonline resource$bcr$2rdacarrier
=500  \\$a"A thesis submitted to the Faculty of Graduate Studies and Research in partial fulfilment of the requirements for the degree of Doctor of Philosophy, Department of Chemistry."
=502  \\$bPh. D.$cUniversity of Alberta$d1976.
=504  \\$aIncludes bibliographical references (pages 225-234).
=650  \0$aSulfur.
=650  \0$aAtoms.
=650  \0$aAtomic units.
=650  \0$aFlash photolysis.
=650  \0$aAlkenes.
=650  \0$aAlkynes.
=710  2\$aUniversity of Alberta.$bDepartment of Chemistry.
=900  \\$aNK30808
=949  \\$zUAIN$zETHESIS

