=LDR  01199ntm a22003131i 4500
=001  uab09278956
=003  UAB
=005  20141020100414.0
=006  m|||||o||d||||||||
=007  cr||||||||||||
=008  141020t19771977xx\\\\\\obm\\\000\0deng\d
=040  \\$aUAB$beng$erda$cUAB
=050  \4$aPR4147$b.A27 1977
=090  \\$aInternet Access$bAEU
=100  1\$aAbrahams, Cecil Anthony,$eauthor.
=245  14$aThe fourfold man in the work of William Blake /$cby Cecil Anthony Abrahams.
=264  \1$c[1977]
=264  \4$c©1977
=300  \\$a1 online resource (viii, 309 pages)
=336  \\$atext$btxt$2rdacontent
=337  \\$acomputer$bc$2rdamedia
=338  \\$aonline resource$bcr$2rdacarrier
=500  \\$a"A thesis submitted to the Faculty of Graduate Studies and Research in partial fulfillment of the requirements for the degree of Doctor of Philosophy, Department of English."
=502  \\$bPh. D.$cUniversity of Alberta$d1977.
=504  \\$aIncludes bibliographical references (pages 293-309).
=600  10$aBlake, William,$d1757-1827$xCriticism and interpretation.
=650  \0$aFall of man in literature.
=710  2\$aUniversity of Alberta.$bDepartment of English.
=900  \\$aNK31927
=949  \\$zUAIN$zETHESIS

