=LDR  01162ntm a22003131i 4500
=001  uab09278962
=003  UAB
=005  20141020101359.0
=006  m|||||o||d||||||||
=007  cr||||||||||||
=008  141020t19771977xx\adf\\obm\\\000\0\eng\d
=040  \\$aUAB$beng$erda$cUAB
=050  \4$aBF241$b.C36 1977
=090  \\$aInternet Access$bAEU
=100  1\$aCamponi, Edith,$eauthor.
=245  14$aThe drive properties of incongruous stimuli /$cby Edith Camponi.
=264  \1$c[1977]
=264  \4$c©1977
=300  \\$a1 online resource (xi, 111 pages) :$billustrations
=336  \\$atext$btxt$2rdacontent
=337  \\$acomputer$bc$2rdamedia
=338  \\$aonline resource$bcr$2rdacarrier
=500  \\$a"A thesis submitted to the Faculty of Graduate Studies and Research in partial fulfilment of the requirements for the degree of Doctor of Philosophy, Department of Psychology."
=502  \\$bPh. D.$cUniversity of Alberta$d1977.
=504  \\$aIncludes bibliographical references (pages 97-101).
=650  \0$aVisual perception.
=650  \0$aMultistable visual perception.
=710  2\$aUniversity of Alberta.$bDepartment of Psychology.
=900  \\$aNK31946
=949  \\$zUAIN$zETHESIS

