=LDR  01297ntm a22003131i 4500
=001  uab09278966
=003  UAB
=005  20141020102039.0
=006  m|||||o||d||||||||
=007  cr||||||||||||
=008  141020t19771977xx\adf\\obm\\\000\0\eng\d
=040  \\$aUAB$beng$erda$cUAB
=050  \4$aRM666.A493$bD39 1977
=090  \\$aInternet Access$bAEU
=100  1\$aDawson, Gary Wesley,$eauthor.
=245  10$aMetabolic N-and C-oxidation :$bin vitro and in vivo studies of amphetamine analogs /$cby Gary Wesley Dawson.
=264  \1$c[1977]
=264  \4$c©1977
=300  \\$a1 online resource (xix, 211 pages) :$billustrations
=336  \\$atext$btxt$2rdacontent
=337  \\$acomputer$bc$2rdamedia
=338  \\$aonline resource$bcr$2rdacarrier
=500  \\$a"A thesis submitted to the Faculty of Graduate Studies and Research in partial fulfilment of the requirements for the degree of Doctor of Philosophy in Biopharmacy (Drug Metabolism), Faculty of Pharmacy and Pharmaceutical Sciences."
=502  \\$bPh. D.$cUniversity of Alberta$d1977.
=504  \\$aIncludes bibliographical references (pages 192-207).
=650  \0$aAmphetamines$xMetabolism.
=650  \0$aAmphetamines$xOxidation.
=710  2\$aUniversity of Alberta.$bFaculty of Pharmacy and Pharmaceutical Sciences.
=900  \\$aNK31961
=949  \\$zUAIN$zETHESIS

