=LDR  01426ntm a22003491i 4500
=001  uab09278969
=003  UAB
=005  20141020103136.0
=006  m|||||o||d||||||||
=007  cr||||||||||||
=008  141020t19771977xx\adf\\obm\\\000\0\eng\d
=040  \\$aUAB$beng$erda$cUAB
=050  \4$aQC794.6.C6$bF74 1977
=090  \\$aInternet Access$bAEU
=100  1\$aFrench, Margaret Ann,$eauthor.
=245  10$aMass spectrometric investigation of the ion-molecule reactions and equilibria of (a) methane containing traces of ethane, (b) the solvation of Cl[superscript -] by various solvent molecules /$cby Margaret Ann French.
=264  \1$c[1977]
=264  \4$c©1977
=300  \\$a1 online resource (xvii, 315 pages) :$billustrations
=336  \\$atext$btxt$2rdacontent
=337  \\$acomputer$bc$2rdamedia
=338  \\$aonline resource$bcr$2rdacarrier
=500  \\$a"A thesis submitted to the Faculty of Graduate Studies and Research in partial fulfilment of the requirements for the degree of Doctor of Philosophy, Department of Chemistry."
=502  \\$bPh. D.$cUniversity of Alberta$d1977.
=504  \\$aIncludes bibliographical references (pages 301-315).
=590  \\$aLibrary copy imperfect: page 65 scanned twice.
=650  \0$aIon-molecule collisions.
=650  \0$aMethane.
=650  \0$aChlorides.
=650  \0$aSolvation.
=710  2\$aUniversity of Alberta.$bDepartment of Chemistry.
=900  \\$aNK31973
=949  \\$zUAIN$zETHESIS

