=LDR  01195ntm a22003131i 4500
=001  uab09278972
=003  UAB
=005  20141020104009.0
=006  m|||||o||d||||||||
=007  cr||||||||||||
=008  141020t19771977xx\df\\\obm\\\000\0\eng\d
=040  \\$aUAB$beng$erda$cUAB
=050  \4$aHM1076$b.H55 1977
=090  \\$aInternet Access$bAEU
=100  1\$aHill, Kenneth Anthony,$eauthor.
=245  14$aThe development of attributions of responsibility /$cby Kenneth Anthony Hill.
=264  \1$c[1977]
=264  \4$c©1977
=300  \\$a1 online resource (xiv, 125 pages) :$billustrations
=336  \\$atext$btxt$2rdacontent
=337  \\$acomputer$bc$2rdamedia
=338  \\$aonline resource$bcr$2rdacarrier
=500  \\$a"A thesis submitted to the Faculty of Graduate Studies and Research in partial fulfillment of the requirements for the degree of Doctor of Philosophy, Department of Psychology."
=502  \\$bPh. D.$cUniversity of Alberta$d1977.
=504  \\$aIncludes bibliographical references (pages 86-90).
=650  \0$aAttribution (Social psychology) in children.
=650  \0$aResponsibility.
=710  2\$aUniversity of Alberta.$bDepartment of Psychology.
=900  \\$aNK31987
=949  \\$zUAIN$zETHESIS

