=LDR  01244ntm a22003251i 4500
=001  uab09279046
=003  UAB
=005  20141020122906.0
=006  m|||||o||d||||||||
=007  cr||||||||||||
=008  141020t19751975xx\af\\\obm\\\000\0\eng\d
=040  \\$aUAB$beng$erda$cUAB
=050  \4$aQP625.N88$bF68 1975
=090  \\$aInternet Access$bAEU
=100  1\$aFouron, Yves,$eauthor.
=245  10$aSynthesis and reactions of 2',3'-anhydronucleosides (nucleoside ribo and lyxo epoxides) /$cby Yves Fouron.
=264  \1$c[1975]
=264  \4$c©1975
=300  \\$a1 online resource (xi, 164 pages) :$billustrations
=336  \\$atext$btxt$2rdacontent
=337  \\$acomputer$bc$2rdamedia
=338  \\$aonline resource$bcr$2rdacarrier
=500  \\$a"A thesis submitted to the Faculty of Graduate Studies and Research in partial fulfilment of the requirements for the degree of Doctor of Philosophy, Department of Chemistry."
=502  \\$bPh. D.$cUniversity of Alberta$d1975.
=504  \\$aIncludes bibliographical references (pages 154-164).
=650  \0$aNucleosides$xSynthesis.
=650  \0$aEpoxy compounds$xSynthesis.
=650  \0$aAdenosine$xSynthesis.
=710  2\$aUniversity of Alberta.$bDepartment of Chemistry.
=900  \\$aNK24030
=949  \\$zUAIN$zETHESIS

