=LDR  01149ntm a22003011i 4500
=001  uab09279056
=003  UAB
=005  20141020124140.0
=006  m|||||o||d||||||||
=007  cr||||||||||||
=008  141020t19751975xx\af\\\obm\\\000\0\eng\d
=040  \\$aUAB$beng$erda$cUAB
=050  \4$aQA612.78$b.L56 1975
=090  \\$aInternet Access$bAEU
=100  1\$aLim, Kim Leong,$eauthor.
=245  10$aEvaluation subgroups of generalized homotopy groups /$cby Kim Leong Lim.
=264  \1$c[1975]
=264  \4$c©1975
=300  \\$a1 online resource (vi pages, 1 unnumbered page, 66 pages) :$billustrations
=336  \\$atext$btxt$2rdacontent
=337  \\$acomputer$bc$2rdamedia
=338  \\$aonline resource$bcr$2rdacarrier
=500  \\$a"A thesis submitted to the Faculty of Graduate Studies and Research in partial fulfilment of the requirements for the degree of Doctor of Philosophy, Department of Mathematics."
=502  \\$bPh. D.$cUniversity of Alberta$d1975.
=504  \\$aIncludes bibliographical references (pages 54-55).
=650  \0$aHomotopy groups.
=710  2\$aUniversity of Alberta.$bDepartment of Mathematics.
=900  \\$aNK24084
=949  \\$zUAIN$zETHESIS

