=LDR  01253ntm a22003251i 4500
=001  uab09279057
=003  UAB
=005  20141020124305.0
=006  m|||||o||d||||||||
=007  cr||||||||||||
=008  141020t19751975xx\abdf\obm\\\000\0\eng\d
=040  \\$aUAB$beng$erda$cUAB
=043  \\$an-cn-ab
=050  \4$aQL537.C456$bM33 1975
=090  \\$aInternet Access$bAEU
=100  1\$aMcCauley, Victor J. E.,$eauthor.
=245  10$aLife tables for some natural populations of Chironomidae (Diptera) in a Typha marsh /$cby Victor J.E. McCauley.
=264  \1$c[1975]
=264  \4$c©1975
=300  \\$a1 online resource (xvii, 199 pages) :$billustrations, maps
=336  \\$atext$btxt$2rdacontent
=337  \\$acomputer$bc$2rdamedia
=338  \\$aonline resource$bcr$2rdacarrier
=500  \\$a"A thesis submitted to the Faculty of Graduate Studies and Research in partial fulfilment of the requirements for the degree of Doctor of Philosophy, Department of Entomology."
=502  \\$bPh. D.$cUniversity of Alberta$d1975.
=504  \\$aIncludes bibliographical references (pages 143-145).
=650  \0$aChironomidae$zAlberta.
=650  \0$aTypha latifolia$zAlberta.
=710  2\$aUniversity of Alberta.$bDepartment of Entomology.
=900  \\$aNK24086
=949  \\$zUAIN$zETHESIS

