=LDR  01277ntm a22003251i 4500
=001  uab09278986
=003  UAB
=005  20141020111509.0
=006  m|||||o||d||||||||
=007  cr||||||||||||
=008  141020t19731973xx\adf\\obm\\\000\0\eng\d
=040  \\$aUAB$beng$erda$cUAB
=050  \4$aSF768.2.S5$bH45 1973
=090  \\$aInternet Access$bAEU
=100  1\$aHeitman, James Hubert,$eauthor.
=245  10$aPhysiological and metabolic responses of sheep to acute and chronic cold exposure /$cby James Hubert Heitman.
=264  \1$c[1973]
=264  \4$c©1973
=300  \\$a1 online resource (xi, 135 pages) :$billustrations
=336  \\$atext$btxt$2rdacontent
=337  \\$acomputer$bc$2rdamedia
=338  \\$aonline resource$bcr$2rdacarrier
=500  \\$a"A thesis submitted to the Faculty of Graduate Studies and Research in partial fulfilment of the requirements for the degree of Doctor of Philosophy in Animal Physiology, Department of Animal Science."
=502  \\$bPh. D.$cUniversity of Alberta$d1973.
=504  \\$aIncludes bibliographical references (pages 96-114).
=650  \0$aSheep$xEffect of cold on.
=650  \0$aSheep$xPhysiology.
=650  \0$aSheep$xMetabolism.
=710  2\$aUniversity of Alberta.$bDepartment of Animal Science.
=900  \\$aNK17543
=949  \\$zUAIN$zETHESIS

