=LDR  01243ntm a22003251i 4500
=001  uab09278988
=003  UAB
=005  20141020111651.0
=006  m|||||o||d||||||||
=007  cr||||||||||||
=008  141020t19731973xx\adf\\obm\\\000\0\eng\d
=040  \\$aUAB$beng$erda$cUAB
=050  \4$aQC793.3.B4$bH47 1973
=090  \\$aInternet Access$bAEU
=100  1\$aHepburn, John Duncan,$eauthor.
=245  10$aGeneration and acceleration of charged liquid particle beams /$cby John Duncan Hepburn.
=264  \1$c[1973]
=264  \4$c©1973
=300  \\$a1 online resource (xix, 314 pages) :$billustrations
=336  \\$atext$btxt$2rdacontent
=337  \\$acomputer$bc$2rdamedia
=338  \\$aonline resource$bcr$2rdacarrier
=500  \\$a"A thesis submitted to the Faculty of Graduate Studies and Research in partial fulfilment of the requirements for the degree of Doctor of Philosophy, Department of Electrical Engineering."
=502  \\$bPh. D.$cUniversity of Alberta$d1973.
=504  \\$aIncludes bibliographical references (pages 296-303).
=650  \0$aParticle beams.
=650  \0$aAcceleration (Mechanics)
=650  \0$aMicrodroplets.
=710  2\$aUniversity of Alberta.$bDepartment of Electrical Engineering.
=900  \\$aNK17544
=949  \\$zUAIN$zETHESIS

