=LDR  01248ntm a22003371i 4500
=001  uab09278996
=003  UAB
=005  20141020112322.0
=006  m|||||o||d||||||||
=007  cr||||||||||||
=008  141020t19731973xx\adf\\obm\\\000\0\eng\d
=040  \\$aUAB$beng$erda$cUAB
=050  \4$aQE538.5$b.H76 1973
=090  \\$aInternet Access$bAEU
=100  1\$aHron, Marie Petra,$eauthor.
=245  10$aWaves in inhomogeneous media /$cby Marie Petra Hron.
=264  \1$c[1973]
=264  \4$c©1973
=300  \\$a1 online resource (xiv, 235 pages) :$billustrations
=336  \\$atext$btxt$2rdacontent
=337  \\$acomputer$bc$2rdamedia
=338  \\$aonline resource$bcr$2rdacarrier
=500  \\$a"A thesis submitted to the Faculty of Graduate Studies and Research in partial fulfillment of the requirements for the degree of Doctor of Philosophy, Department of Physics."
=502  \\$bPh. D.$cUniversity of Alberta$d1973.
=504  \\$aIncludes bibliographical references (pages 200-206).
=590  \\$aLibrary copy imperfect: page 139 scanned twice.
=650  \0$aSeismic waves.
=650  \0$aInhomogeneous materials.
=650  \0$aElastic wave propagation.
=710  2\$aUniversity of Alberta.$bDepartment of Physics.
=900  \\$aNK17554
=949  \\$zUAIN$zETHESIS

