=LDR  01272ntm a22003251i 4500
=001  uab09279012
=003  UAB
=005  20141020113342.0
=006  m|||||o||d||||||||
=007  cr||||||||||||
=008  141020t19731973xx\\\\\\obm\\\000\0\eng\d
=040  \\$aUAB$beng$erda$cUAB
=050  \4$aQC793.5.R45$bL33 1973
=090  \\$aInternet Access$bAEU
=100  1\$aLabonté, Gilles,$eauthor.
=245  10$aSome aspects of the description of relativistic particles in external fields /$cby Gilles Labonté.
=264  \1$c[1973]
=264  \4$c©1973
=300  \\$a1 online resource (xiv, 242 pages)
=336  \\$atext$btxt$2rdacontent
=337  \\$acomputer$bc$2rdamedia
=338  \\$aonline resource$bcr$2rdacarrier
=500  \\$a"A thesis submitted to the Faculty of Graduate Studies and Research in partial fulfillment of the requirements for the degree of Doctor of Philosophy in Theoretical Physics, Department of Physics."
=502  \\$bPh. D.$cUniversity of Alberta$d1973.
=504  \\$aIncludes bibliographical references (pages 239-242).
=590  \\$aLibrary copy imperfect: page 188 scanned twice.
=650  \0$aParticles, Relativistic.
=650  \0$aDifferential equations.
=710  2\$aUniversity of Alberta.$bDepartment of Physics.
=900  \\$aNK17586
=949  \\$zUAIN$zETHESIS

