=LDR  01176ntm a22003131i 4500
=001  uab09279013
=003  UAB
=005  20141020113642.0
=006  m|||||o||d||||||||
=007  cr||||||||||||
=008  141020t19731973xx\adf\\obm\\\000\0\eng\d
=040  \\$aUAB$beng$erda$cUAB
=050  \4$aBF789.C7$bM33 1973
=090  \\$aInternet Access$bAEU
=100  1\$aMacDonald, Gregory Alan,$eauthor.
=245  12$aA temporal tuning model for chromaticity /$cby Gregory Alan MacDonald.
=264  \1$c[1973]
=264  \4$c©1973
=300  \\$a1 online resource (xvi, 163 pages) :$billustrations
=336  \\$atext$btxt$2rdacontent
=337  \\$acomputer$bc$2rdamedia
=338  \\$aonline resource$bcr$2rdacarrier
=500  \\$a"A thesis submitted to the Faculty of Graduate Studies and Research in partial fulfillment of the requirements for the degree of Doctor of Philosophy, Department of Psychology."
=502  \\$bPh. D.$cUniversity of Alberta$d1973.
=504  \\$aIncludes bibliographical references (pages 125-134).
=650  \0$aColor$xPsychological aspects.
=650  \0$aColor vision.
=710  2\$aUniversity of Alberta.$bDepartment of Psychology.
=900  \\$aNK17601
=949  \\$zUAIN$zETHESIS

