=LDR  01284ntm a22003251i 4500
=001  uab09279028
=003  UAB
=005  20141020115625.0
=006  m|||||o||d||||||||
=007  cr||||||||||||
=008  141020t19731974xx\af\\\obm\\\000\0\eng\d
=040  \\$aUAB$beng$erda$cUAB
=050  \4$aSF396.5$b.O46 1973
=090  \\$aInternet Access$bAEU
=100  1\$aOmole, Titus Adebowale,$eauthor.
=245  10$aCopper supplementation of swine diets as influenced by protein source and trace mineral supplements /$cby Titus Adebowale Omole.
=264  \1$c[1973]
=264  \4$c©1974
=300  \\$a1 online resource (xi, 109 pages) :$billustration
=336  \\$atext$btxt$2rdacontent
=337  \\$acomputer$bc$2rdamedia
=338  \\$aonline resource$bcr$2rdacarrier
=500  \\$a"A thesis submitted to the Faculty of Graduate Studies and Research in partial fulfilment of the requirements for the degree of Doctor of Philosophy in Animal Nutrition, Department of Animal Science."
=502  \\$bPh. D.$cUniversity of Alberta$d1973.
=504  \\$aIncludes bibliographical references (pages 89-109).
=650  \0$aSwine$xFeeding and feeds.
=650  \0$aDietary supplements.
=650  \0$aCopper.
=710  2\$aUniversity of Alberta.$bDepartment of Animal Science.
=900  \\$aNK17644
=949  \\$zUAIN$zETHESIS

