=LDR  01201ntm a22003131i 4500
=001  uab09279380
=003  UAB
=005  20141021095407.0
=006  m|||||o||d||||||||
=007  cr||||||||||||
=008  141021t19771977xx\adf\\obm\\\000\0\eng\d
=040  \\$aUAB$beng$erda$cUAB
=050  \4$aTL574.A4$bK46 1977
=090  \\$aInternet Access$bAEU
=100  1\$aKennedy, James Lewis,$eauthor.
=245  14$aThe design and analysis of airfoil sections /$cby James Lewis Kennedy.
=264  \1$c[1977]
=264  \4$c©1977
=300  \\$a1 online resource (xv, 159 pages) :$billustrations
=336  \\$atext$btxt$2rdacontent
=337  \\$acomputer$bc$2rdamedia
=338  \\$aonline resource$bcr$2rdacarrier
=500  \\$a"A thesis submitted to the Faculty of Graduate Studies and Research in partial fulfilment of the requirements for the degree of Doctor of Philosophy, Department of Mechanical Engineering."
=502  \\$bPh. D.$cUniversity of Alberta$d1977.
=504  \\$aIncludes bibliographical references (pages 151-154).
=650  \0$aAerofoils$xDesign and construction.
=650  \0$aViscous flow.
=710  2\$aUniversity of Alberta.$bDepartment of Mechanical Engineering.
=900  \\$aNK32000
=949  \\$zUAIN$zETHESIS

