=LDR  01475ntm a22003371i 4500
=001  uab09279386
=003  UAB
=005  20141021100319.0
=006  m|||||o||d||||||||
=007  cr||||||||||||
=008  141021t19771977xx\adf\\obm\\\000\0\eng\d
=040  \\$aUAB$beng$erda$cUAB
=050  \4$aQD305.E7$bL63 1977
=090  \\$aInternet Access$bAEU
=100  1\$aLockwood, Peter Alan,$eauthor.
=245  10$aI, Evidence for a perepoxide intermediate in the reaction of [beta]-halohydroperoxides with base ;$bII, Studies on tricyclic dioxetanes /$cby Peter Alan Lockwood.
=264  \1$c[1977]
=264  \4$c©1977
=300  \\$a1 online resource (x pages, 1 unnumbered page, 148 pages) :$billustrations
=336  \\$atext$btxt$2rdacontent
=337  \\$acomputer$bc$2rdamedia
=338  \\$aonline resource$bcr$2rdacarrier
=500  \\$a"A thesis submitted to the Faculty of Graduate Studies and Research in partial fulfilment of the requirements for the degree of Doctor of Philosophy, Department of Chemistry."
=502  \\$bPh. D.$cUniversity of Alberta$d1977.
=504  \\$aIncludes bibliographical references (pages 137-148).
=650  \0$aEpoxy compounds.
=650  \0$aPeroxides.
=700  12$aLockwood, Peter Alan.$tEvidence for a perepoxide intermediate in the reaction of [beta]-halohydroperoxides with base.
=700  12$aLockwood, Peter Alan.$tStudies on tricyclic dioxetanes.
=710  2\$aUniversity of Alberta.$bDepartment of Chemistry.
=900  \\$aNK32018
=949  \\$zUAIN$zETHESIS

