=LDR  01135ntm a22003011i 4500
=001  uab09279414
=003  UAB
=005  20141021110008.0
=006  m|||||o||d||||||||
=007  cr||||||||||||
=008  141021t19771977xx\adf\\obm\\\000\0\eng\d
=040  \\$aUAB$beng$erda$cUAB
=050  \4$aQC793.5.N4628$bS68 1977
=090  \\$aInternet Access$bAEU
=100  1\$aSoukup, Jan,$eauthor.
=245  12$aA study of n-n quasi-free scattering in a D(n,2n)p experiment /$cby Jan Soukup.
=264  \1$c[1977]
=264  \4$c©1977
=300  \\$a1 online resource (xvii, 181 pages) :$billustrations
=336  \\$atext$btxt$2rdacontent
=337  \\$acomputer$bc$2rdamedia
=338  \\$aonline resource$bcr$2rdacarrier
=500  \\$a"A thesis submitted to the Faculty of Graduate Studies and Research in partial fulfillment of the requirements for the degree of Doctor of Philosophy, Department of Physics."
=502  \\$bPh. D.$cUniversity of Alberta$d1977.
=504  \\$aIncludes bibliographical references (pages 176-179).
=650  \0$aNeutrons$xScattering.
=710  2\$aUniversity of Alberta.$bDepartment of Physics.
=900  \\$aNK32072
=949  \\$zUAIN$zETHESIS

