=LDR  01527ntm a22003491i 4500
=001  uab09279419
=003  UAB
=005  20141021110721.0
=006  m|||||o||d||||||||
=007  cr||||||||||||
=008  141021t19771977xx\adf\\obm\\\000\0\eng\d
=040  \\$aUAB$beng$erda$cUAB
=050  \4$aQP625.A27$bS66 1977
=090  \\$aInternet Access$bAEU
=100  1\$aSporns, Peter,$eauthor.
=245  10$aI, New syntheses of 2'-deoxyadenosines from adenosine ;$bII, Acid-catalyzed hydrolysis and CD spectral studies on 2' and 3'-0-sulfonyl and carboxylic esters of adenosine /$cby Peter Sporns.
=264  \1$c[1977]
=264  \4$c©1977
=300  \\$a1 online resource (xi, 190 pages) :$billustrations
=336  \\$atext$btxt$2rdacontent
=337  \\$acomputer$bc$2rdamedia
=338  \\$aonline resource$bcr$2rdacarrier
=500  \\$a"A thesis submitted to the Faculty of Graduate Studies and Research in partial fulfilment of the requirements for the degree of Doctor of Philosophy, Department of Chemistry."
=502  \\$bPh. D.$cUniversity of Alberta$d1977.
=504  \\$aIncludes bibliographical references (pages 145-158).
=650  \0$aAdenosine$xSynthesis.
=650  \0$aHydrolysis.
=650  \0$aNucleosides.
=700  1\$aSporns, Peter.$tNew syntheses of 2'-deoxyadenosines from adenosine.
=700  1\$aSporns, Peter.$tAcid-catalyzed hydrolysis and CD spectral studies on 2' and 3'-0-sulfonyl and carboxylic esters of adenosine.
=710  2\$aUniversity of Alberta.$bDepartment of Chemistry.
=900  \\$aNK32074
=949  \\$zUAIN$zETHESIS

