=LDR  01358ntm a22003371i 4500
=001  uab09279427
=003  UAB
=005  20141021111426.0
=006  m|||||o||d||||||||
=007  cr||||||||||||
=008  141021t19771977xx\adf\\obm\\\000\0\eng\d
=040  \\$aUAB$beng$erda$cUAB
=050  \4$aTP248.M48$bW35 1977
=090  \\$aInternet Access$bAEU
=100  1\$aWalker, Conrad M. B.,$eauthor.
=245  14$aThe dielectric constant of water-DMSO solutions, and the numerical modelling of microwave heating /$cby Conrad M.B. Walker.
=264  \1$c[1977]
=264  \4$c©1977
=300  \\$a1 online resource (xii, 243 pages) :$billustrations
=336  \\$atext$btxt$2rdacontent
=337  \\$acomputer$bc$2rdamedia
=338  \\$aonline resource$bcr$2rdacarrier
=500  \\$a"A thesis submitted to the Faculty of Graduate Studies and Research in partial fulfilment of the requirements for the degree of Doctor of Philosophy in Electrical Engineering, Department of Electrical Engineering."
=502  \\$bPh. D.$cUniversity of Alberta$d1977.
=504  \\$aIncludes bibliographical references (pages 204-211).
=650  \0$aDimethyl sulfoxide.
=650  \0$aMicrowave heating.
=650  \0$aDielectrics.
=650  \0$aCryopreservation of organs, tissues, etc.
=710  2\$aUniversity of Alberta.$bDepartment of Electrical Engineering.
=900  \\$aNK32086
=949  \\$zUAIN$zETHESIS

