=LDR  01364ntm a22003371i 4500
=001  uab09279435
=003  UAB
=005  20141021112549.0
=006  m|||||o||d||||||||
=007  cr||||||||||||
=008  141021t19761976xx\bdf\\obm\\\000\0\eng\d
=040  \\$aUAB$beng$erda$cUAB
=043  \\$acl-----
=050  \4$aLC191.8.L29$bP33 1976
=090  \\$aInternet Access$bAEU
=100  1\$aPadua, Jorge,$eauthor.
=245  10$aEducation, economic development and social change in Latin America /$cby Jorge Padua.
=264  \1$c[1976]
=264  \4$c©1976
=300  \\$a1 online resource (xxiii, 1-225, 225a, 226-263, 263a, 264-265, 265a, 266-553 pages) :$billustrations, maps
=336  \\$atext$btxt$2rdacontent
=337  \\$acomputer$bc$2rdamedia
=338  \\$aonline resource$bcr$2rdacarrier
=500  \\$a"A thesis submitted to the Faculty of Graduate Studies and Research in partial fulfilment of the requirements for the degree of Doctor of Philosophy, Department of Sociology."
=502  \\$bPh. D.$cUniversity of Alberta$d1976.
=504  \\$aIncludes bibliographical references (pages 538-553).
=650  \0$aEconomic development$xEffect of education on$zLatin America.
=650  \0$aEducation$xSocial aspects$zLatin America.
=650  \0$aSocial change$zLatin America.
=710  2\$aUniversity of Alberta.$bDepartment of Sociology.
=900  \\$aNK32829
=949  \\$zUAIN$zETHESIS

