=LDR  01275ntm a22003371i 4500
=001  uab09279445
=003  UAB
=005  20141021114106.0
=006  m|||||o||d||||||||
=007  cr||||||||||||
=008  141021t19771977xx\abdf\obm\\\000\0\eng\d
=040  \\$aUAB$beng$erda$cUAB
=043  \\$an-cn-bc$an-cnp--
=050  \4$aQC835$b.B36 1977
=090  \\$aInternet Access$bAEU
=100  1\$aBannister, J. R.,$eauthor.
=245  12$aA magnetometer array study of polar magnetic substorms /$cby J.R. Bannister.
=264  \1$c[1977]
=264  \4$c©1977
=300  \\$a1 online resource (xx, 235 pages) :$billustrations, maps
=336  \\$atext$btxt$2rdacontent
=337  \\$acomputer$bc$2rdamedia
=338  \\$aonline resource$bcr$2rdacarrier
=500  \\$a"A thesis submitted to the Faculty of Graduate Studies and Research in partial fulfilment of the requirements for the degree of Doctor of Philosophy in Geophysics, Department of Physics."
=502  \\$bPh. D.$cUniversity of Alberta$d1977.
=504  \\$aIncludes bibliographical references (pages 217-222).
=650  \0$aMagnetic storms$zCanada, Western.
=650  \0$aAuroral substorms$zCanada, Western.
=650  \0$aMagnetometers.
=710  2\$aUniversity of Alberta.$bDepartment of Physics.
=900 \\$aNK34287
=949  \\$zUAIN$zETHESIS




